@ARTICLE{dcl+16,
   author = {{Desvignes}, G. and {Caballero}, R.~N. and {Lentati}, L. and 
	{Verbiest}, J.~P.~W. and {Champion}, D.~J. and {Stappers}, B.~W. and 
	{Janssen}, G.~H. and {Lazarus}, P. and {Os{\l}owski}, S. and 
	{Babak}, S. and {Bassa}, C.~G. and {Brem}, P. and {Burgay}, M. and 
	{Cognard}, I. and {Gair}, J.~R. and {Graikou}, E. and {Guillemot}, L. and 
	{Hessels}, J.~W.~T. and {Jessner}, A. and {Jordan}, C. and {Karuppusamy}, R. and 
	{Kramer}, M. and {Lassus}, A. and {Lazaridis}, K. and {Lee}, K.~J. and 
	{Liu}, K. and {Lyne}, A.~G. and {McKee}, J. and {Mingarelli}, C.~M.~F. and 
	{Perrodin}, D. and {Petiteau}, A. and {Possenti}, A. and {Purver}, M.~B. and 
	{Rosado}, P.~A. and {Sanidas}, S. and {Sesana}, A. and {Shaifullah}, G. and 
	{Smits}, R. and {Taylor}, S.~R. and {Theureau}, G. and {Tiburzi}, C. and 
	{van Haasteren}, R. and {Vecchio}, A.},
    title = "{High-precision timing of 42 millisecond pulsars with the European Pulsar Timing Array}",
  journal = {Monthly Notices Of The Royal Astronomical Society},
archivePrefix = "arXiv",
   eprint = {1602.08511},
 primaryClass = "astro-ph.HE",
 keywords = {proper motions, stars: distances, pulsars: general},
     year = 2016,
    month = may,
   volume = 458,
    pages = {3341-3380},
      doi = {10.1093/mnras/stw483},
   adsurl = {http://adsabs.harvard.edu/abs/2016MNRAS.458.3341D},
  adsnote = {Provided by the SAO/NASA Astrophysics Data System}
}

@ARTICLE{ls+16,
   author = {{Lentati}, L. and {Shannon}, R.~M. and {Coles}, W.~A. and {Verbiest}, J.~P.~W. and 
	{van Haasteren}, R. and {Ellis}, J.~A. and {Caballero}, R.~N. and 
	{Manchester}, R.~N. and {Arzoumanian}, Z. and {Babak}, S. and 
	{Bassa}, C.~G. and {Bhat}, N.~D.~R. and {Brem}, P. and {Burgay}, M. and 
	{Burke-Spolaor}, S. and {Champion}, D. and {Chatterjee}, S. and 
	{Cognard}, I. and {Cordes}, J.~M. and {Dai}, S. and {Demorest}, P. and 
	{Desvignes}, G. and {Dolch}, T. and {Ferdman}, R.~D. and {Fonseca}, E. and 
	{Gair}, J.~R. and {Gonzalez}, M.~E. and {Graikou}, E. and {Guillemot}, L. and 
	{Hessels}, J.~W.~T. and {Hobbs}, G. and {Janssen}, G.~H. and 
	{Jones}, G. and {Karuppusamy}, R. and {Keith}, M. and {Kerr}, M. and 
	{Kramer}, M. and {Lam}, M.~T. and {Lasky}, P.~D. and {Lassus}, A. and 
	{Lazarus}, P. and {Lazio}, T.~J.~W. and {Lee}, K.~J. and {Levin}, L. and 
	{Liu}, K. and {Lynch}, R.~S. and {Madison}, D.~R. and {McKee}, J. and 
	{McLaughlin}, M. and {McWilliams}, S.~T. and {Mingarelli}, C.~M.~F. and 
	{Nice}, D.~J. and {Os{\l}owski}, S. and {Pennucci}, T.~T. and 
	{Perera}, B.~B.~P. and {Perrodin}, D. and {Petiteau}, A. and 
	{Possenti}, A. and {Ransom}, S.~M. and {Reardon}, D. and {Rosado}, P.~A. and 
	{Sanidas}, S.~A. and {Sesana}, A. and {Shaifullah}, G. and {Siemens}, X. and 
	{Smits}, R. and {Stairs}, I. and {Stappers}, B. and {Stinebring}, D.~R. and 
	{Stovall}, K. and {Swiggum}, J. and {Taylor}, S.~R. and {Theureau}, G. and 
	{Tiburzi}, C. and {Toomey}, L. and {Vallisneri}, M. and {van Straten}, W. and 
	{Vecchio}, A. and {Wang}, J.-B. and {Wang}, Y. and {You}, X.~P. and 
	{Zhu}, W.~W. and {Zhu}, X.-J.},
    title = "{From spin noise to systematics: stochastic processes in the first International Pulsar Timing Array data release}",
  journal = {Monthly Notices Of The Royal Astronomical Society},
archivePrefix = "arXiv",
   eprint = {1602.05570},
 primaryClass = "astro-ph.IM",
 keywords = {methods: data analysis, pulsars: general},
     year = 2016,
    month = may,
   volume = 458,
    pages = {2161-2187},
      doi = {10.1093/mnras/stw395},
   adsurl = {http://adsabs.harvard.edu/abs/2016MNRAS.458.2161L},
  adsnote = {Provided by the SAO/NASA Astrophysics Data System}
}

@ARTICLE{vlh+16,
   author = {{Verbiest}, J.~P.~W. and {Lentati}, L. and {Hobbs}, G. and {van Haasteren}, R. and 
	{Demorest}, P.~B. and {Janssen}, G.~H. and {Wang}, J.-B. and 
	{Desvignes}, G. and {Caballero}, R.~N. and {Keith}, M.~J. and 
	{Champion}, D.~J. and {Arzoumanian}, Z. and {Babak}, S. and 
	{Bassa}, C.~G. and {Bhat}, N.~D.~R. and {Brazier}, A. and {Brem}, P. and 
	{Burgay}, M. and {Burke-Spolaor}, S. and {Chamberlin}, S.~J. and 
	{Chatterjee}, S. and {Christy}, B. and {Cognard}, I. and {Cordes}, J.~M. and 
	{Dai}, S. and {Dolch}, T. and {Ellis}, J.~A. and {Ferdman}, R.~D. and 
	{Fonseca}, E. and {Gair}, J.~R. and {Garver-Daniels}, N.~E. and 
	{Gentile}, P. and {Gonzalez}, M.~E. and {Graikou}, E. and {Guillemot}, L. and 
	{Hessels}, J.~W.~T. and {Jones}, G. and {Karuppusamy}, R. and 
	{Kerr}, M. and {Kramer}, M. and {Lam}, M.~T. and {Lasky}, P.~D. and 
	{Lassus}, A. and {Lazarus}, P. and {Lazio}, T.~J.~W. and {Lee}, K.~J. and 
	{Levin}, L. and {Liu}, K. and {Lynch}, R.~S. and {Lyne}, A.~G. and 
	{Mckee}, J. and {McLaughlin}, M.~A. and {McWilliams}, S.~T. and 
	{Madison}, D.~R. and {Manchester}, R.~N. and {Mingarelli}, C.~M.~F. and 
	{Nice}, D.~J. and {Os{\l}owski}, S. and {Palliyaguru}, N.~T. and 
	{Pennucci}, T.~T. and {Perera}, B.~B.~P. and {Perrodin}, D. and 
	{Possenti}, A. and {Petiteau}, A. and {Ransom}, S.~M. and {Reardon}, D. and 
	{Rosado}, P.~A. and {Sanidas}, S.~A. and {Sesana}, A. and {Shaifullah}, G. and 
	{Shannon}, R.~M. and {Siemens}, X. and {Simon}, J. and {Smits}, R. and 
	{Spiewak}, R. and {Stairs}, I.~H. and {Stappers}, B.~W. and 
	{Stinebring}, D.~R. and {Stovall}, K. and {Swiggum}, J.~K. and 
	{Taylor}, S.~R. and {Theureau}, G. and {Tiburzi}, C. and {Toomey}, L. and 
	{Vallisneri}, M. and {van Straten}, W. and {Vecchio}, A. and 
	{Wang}, Y. and {Wen}, L. and {You}, X.~P. and {Zhu}, W.~W. and 
	{Zhu}, X.-J.},
    title = "{The International Pulsar Timing Array: First data release}",
  journal = {Monthly Notices Of The Royal Astronomical Society},
archivePrefix = "arXiv",
   eprint = {1602.03640},
 primaryClass = "astro-ph.IM",
 keywords = {methods: data analysis, pulsars: general},
     year = 2016,
    month = may,
   volume = 458,
    pages = {1267-1288},
      doi = {10.1093/mnras/stw347},
   adsurl = {http://adsabs.harvard.edu/abs/2016MNRAS.458.1267V},
  adsnote = {Provided by the SAO/NASA Astrophysics Data System}
}

@ARTICLE{tve+16,
   author = {{Taylor}, S.~R. and {Vallisneri}, M. and {Ellis}, J.~A. and 
	{Mingarelli}, C.~M.~F. and {Lazio}, T.~J.~W. and {van Haasteren}, R.
	},
    title = "{Are We There Yet? Time to Detection of Nanohertz Gravitational Waves Based on Pulsar-timing Array Limits}",
  journal = {The Astrophysical Journal Letters},
archivePrefix = "arXiv",
   eprint = {1511.05564},
 primaryClass = "astro-ph.IM",
 keywords = {gravitational waves, methods: data analysis, pulsars: general},
     year = 2016,
    month = mar,
   volume = 819,
      eid = {L6},
    pages = {L6},
      doi = {10.3847/2041-8205/819/1/L6},
   adsurl = {http://adsabs.harvard.edu/abs/2016ApJ...819L...6T},
  adsnote = {Provided by the SAO/NASA Astrophysics Data System}
}

@ARTICLE{cll+16,
   author = {{Caballero}, R.~N. and {Lee}, K.~J. and {Lentati}, L. and {Desvignes}, G. and 
	{Champion}, D.~J. and {Verbiest}, J.~P.~W. and {Janssen}, G.~H. and 
	{Stappers}, B.~W. and {Kramer}, M. and {Lazarus}, P. and {Possenti}, A. and 
	{Tiburzi}, C. and {Perrodin}, D. and {Os{\l}owski}, S. and {Babak}, S. and 
	{Bassa}, C.~G. and {Brem}, P. and {Burgay}, M. and {Cognard}, I. and 
	{Gair}, J.~R. and {Graikou}, E. and {Guillemot}, L. and {Hessels}, J.~W.~T. and 
	{Karuppusamy}, R. and {Lassus}, A. and {Liu}, K. and {McKee}, J. and 
	{Mingarelli}, C.~M.~F. and {Petiteau}, A. and {Purver}, M.~B. and 
	{Rosado}, P.~A. and {Sanidas}, S. and {Sesana}, A. and {Shaifullah}, G. and 
	{Smits}, R. and {Taylor}, S.~R. and {Theureau}, G. and {van Haasteren}, R. and 
	{Vecchio}, A.},
    title = "{The noise properties of 42 millisecond pulsars from the European Pulsar Timing Array and their impact on gravitational-wave searches}",
  journal = {Monthly Notices Of The Royal Astronomical Society},
archivePrefix = "arXiv",
   eprint = {1510.09194},
 primaryClass = "astro-ph.IM",
 keywords = {gravitational waves, methods: data analysis, pulsars: general},
     year = 2016,
    month = apr,
   volume = 457,
    pages = {4421-4440},
      doi = {10.1093/mnras/stw179},
   adsurl = {http://adsabs.harvard.edu/abs/2016MNRAS.457.4421C},
  adsnote = {Provided by the SAO/NASA Astrophysics Data System}
}

@ARTICLE{bps+16,
   author = {{Babak}, S. and {Petiteau}, A. and {Sesana}, A. and {Brem}, P. and 
	{Rosado}, P.~A. and {Taylor}, S.~R. and {Lassus}, A. and {Hessels}, J.~W.~T. and 
	{Bassa}, C.~G. and {Burgay}, M. and {Caballero}, R.~N. and {Champion}, D.~J. and 
	{Cognard}, I. and {Desvignes}, G. and {Gair}, J.~R. and {Guillemot}, L. and 
	{Janssen}, G.~H. and {Karuppusamy}, R. and {Kramer}, M. and 
	{Lazarus}, P. and {Lee}, K.~J. and {Lentati}, L. and {Liu}, K. and 
	{Mingarelli}, C.~M.~F. and {Os{\l}owski}, S. and {Perrodin}, D. and 
	{Possenti}, A. and {Purver}, M.~B. and {Sanidas}, S. and {Smits}, R. and 
	{Stappers}, B. and {Theureau}, G. and {Tiburzi}, C. and {van Haasteren}, R. and 
	{Vecchio}, A. and {Verbiest}, J.~P.~W.},
    title = "{European Pulsar Timing Array limits on continuous gravitational waves from individual supermassive black hole binaries}",
  journal = {Monthly Notices Of The Royal Astronomical Society},
archivePrefix = "arXiv",
   eprint = {1509.02165},
 keywords = {black hole physics, gravitational waves, pulsars: general},
     year = 2016,
    month = jan,
   volume = 455,
    pages = {1665-1679},
      doi = {10.1093/mnras/stv2092},
   adsurl = {http://adsabs.harvard.edu/abs/2016MNRAS.455.1665B},
  adsnote = {Provided by the SAO/NASA Astrophysics Data System}
}

@ARTICLE{arz+16,
   author = {{Arzoumanian}, Z. and {Brazier}, A. and {Burke-Spolaor}, S. and 
	{Chamberlin}, S.~J. and {Chatterjee}, S. and {Christy}, B. and 
	{Cordes}, J.~M. and {Cornish}, N.~J. and {Crowter}, K. and {Demorest}, P.~B. and 
	{Deng}, X. and {Dolch}, T. and {Ellis}, J.~A. and {Ferdman}, R.~D. and 
	{Fonseca}, E. and {Garver-Daniels}, N. and {Gonzalez}, M.~E. and 
	{Jenet}, F. and {Jones}, G. and {Jones}, M.~L. and {Kaspi}, V.~M. and 
	{Koop}, M. and {Lam}, M.~T. and {Lazio}, T.~J.~W. and {Levin}, L. and 
	{Lommen}, A.~N. and {Lorimer}, D.~R. and {Luo}, J. and {Lynch}, R.~S. and 
	{Madison}, D.~R. and {McLaughlin}, M.~A. and {McWilliams}, S.~T. and 
	{Mingarelli}, C.~M.~F. and {Nice}, D.~J. and {Palliyaguru}, N. and 
	{Pennucci}, T.~T. and {Ransom}, S.~M. and {Sampson}, L. and 
	{Sanidas}, S.~A. and {Sesana}, A. and {Siemens}, X. and {Simon}, J. and 
	{Stairs}, I.~H. and {Stinebring}, D.~R. and {Stovall}, K. and 
	{Swiggum}, J. and {Taylor}, S.~R. and {Vallisneri}, M. and {van Haasteren}, R. and 
	{Wang}, Y. and {Zhu}, W.~W. and {The NANOGrav Collaboration}
	},
    title = "{The NANOGrav Nine-year Data Set: Limits on the Isotropic Stochastic Gravitational Wave Background}",
  journal = {The Astrophysical Journal},
archivePrefix = "arXiv",
   eprint = {1508.03024},
 keywords = {gravitational waves, methods: data analysis, pulsars: general},
     year = 2016,
    month = apr,
   volume = 821,
      eid = {13},
    pages = {13},
      doi = {10.3847/0004-637X/821/1/13},
   adsurl = {http://adsabs.harvard.edu/abs/2016ApJ...821...13A},
  adsnote = {Provided by the SAO/NASA Astrophysics Data System}
}

@ARTICLE{tmg+15,
   author = {{Taylor}, S.~R. and {Mingarelli}, C.~M.~F. and {Gair}, J.~R. and 
	{Sesana}, A. and {Theureau}, G. and {Babak}, S. and {Bassa}, C.~G. and 
	{Brem}, P. and {Burgay}, M. and {Caballero}, R.~N. and {Champion}, D.~J. and 
	{Cognard}, I. and {Desvignes}, G. and {Guillemot}, L. and {Hessels}, J.~W.~T. and 
	{Janssen}, G.~H. and {Karuppusamy}, R. and {Kramer}, M. and 
	{Lassus}, A. and {Lazarus}, P. and {Lentati}, L. and {Liu}, K. and 
	{Os{\l}owski}, S. and {Perrodin}, D. and {Petiteau}, A. and 
	{Possenti}, A. and {Purver}, M.~B. and {Rosado}, P.~A. and {Sanidas}, S.~A. and 
	{Smits}, R. and {Stappers}, B. and {Tiburzi}, C. and {van Haasteren}, R. and 
	{Vecchio}, A. and {Verbiest}, J.~P.~W. and {EPTA Collaboration}
	},
    title = "{Limits on Anisotropy in the Nanohertz Stochastic Gravitational Wave Background}",
  journal = {Physical Review Letters},
archivePrefix = "arXiv",
   eprint = {1506.08817},
 primaryClass = "astro-ph.HE",
 keywords = {Gravitational wave detectors and experiments, Gravitational waves: theory, Pulsars, Galaxy mergers collisions and tidal interactions},
     year = 2015,
    month = jul,
   volume = 115,
   number = 4,
      eid = {041101},
    pages = {041101},
      doi = {10.1103/PhysRevLett.115.041101},
   adsurl = {http://adsabs.harvard.edu/abs/2015PhRvL.115d1101T},
  adsnote = {Provided by the SAO/NASA Astrophysics Data System}
}

@ARTICLE{grt15,
   author = {{Gair}, J.~R. and {Romano}, J.~D. and {Taylor}, S.~R.},
    title = "{Mapping gravitational-wave backgrounds of arbitrary polarisation using pulsar timing arrays}",
  journal = {Physical Review D},
archivePrefix = "arXiv",
   eprint = {1506.08668},
 primaryClass = "gr-qc",
 keywords = {Gravitational wave detectors and experiments, Wave generation and sources, Data analysis: algorithms and implementation, data management, Gravitational radiation detectors, mass spectrometers, and other instrumentation and techniques},
     year = 2015,
    month = nov,
   volume = 92,
   number = 10,
      eid = {102003},
    pages = {102003},
      doi = {10.1103/PhysRevD.92.102003},
   adsurl = {http://adsabs.harvard.edu/abs/2015PhRvD..92j2003G},
  adsnote = {Provided by the SAO/NASA Astrophysics Data System}
}

@ARTICLE{rtc+15,
   author = {{Romano}, J.~D. and {Taylor}, S.~R. and {Cornish}, N.~J. and 
	{Gair}, J. and {Mingarelli}, C.~M.~F. and {van Haasteren}, R.
	},
    title = "{Phase-coherent mapping of gravitational-wave backgrounds using ground-based laser interferometers}",
  journal = {Physical Review D},
archivePrefix = "arXiv",
   eprint = {1505.07179},
 primaryClass = "gr-qc",
 keywords = {Gravitational wave detectors and experiments, Wave generation and sources, Data analysis: algorithms and implementation, data management, Gravitational radiation detectors, mass spectrometers, and other instrumentation and techniques},
     year = 2015,
    month = aug,
   volume = 92,
   number = 4,
      eid = {042003},
    pages = {042003},
      doi = {10.1103/PhysRevD.92.042003},
   adsurl = {http://adsabs.harvard.edu/abs/2015PhRvD..92d2003R},
  adsnote = {Provided by the SAO/NASA Astrophysics Data System}
}

@ARTICLE{thgm16,
   author = {{Taylor}, S.~R. and {Huerta}, E.~A. and {Gair}, J.~R. and {McWilliams}, S.~T.
	},
    title = "{Detecting Eccentric Supermassive Black Hole Binaries with Pulsar Timing Arrays: Resolvable Source Strategies}",
  journal = {The Astrophysical Journal},
archivePrefix = "arXiv",
   eprint = {1505.06208},
 primaryClass = "gr-qc",
 keywords = {gravitational waves, methods: data analysis, pulsars: general},
     year = 2016,
    month = jan,
   volume = 817,
      eid = {70},
    pages = {70},
      doi = {10.3847/0004-637X/817/1/70},
   adsurl = {http://adsabs.harvard.edu/abs/2016ApJ...817...70T},
  adsnote = {Provided by the SAO/NASA Astrophysics Data System}
}

@ARTICLE{ltm+15,
   author = {{Lentati}, L. and {Taylor}, S.~R. and {Mingarelli}, C.~M.~F. and 
	{Sesana}, A. and {Sanidas}, S.~A. and {Vecchio}, A. and {Caballero}, R.~N. and 
	{Lee}, K.~J. and {van Haasteren}, R. and {Babak}, S. and {Bassa}, C.~G. and 
	{Brem}, P. and {Burgay}, M. and {Champion}, D.~J. and {Cognard}, I. and 
	{Desvignes}, G. and {Gair}, J.~R. and {Guillemot}, L. and {Hessels}, J.~W.~T. and 
	{Janssen}, G.~H. and {Karuppusamy}, R. and {Kramer}, M. and 
	{Lassus}, A. and {Lazarus}, P. and {Liu}, K. and {Os{\l}owski}, S. and 
	{Perrodin}, D. and {Petiteau}, A. and {Possenti}, A. and {Purver}, M.~B. and 
	{Rosado}, P.~A. and {Smits}, R. and {Stappers}, B. and {Theureau}, G. and 
	{Tiburzi}, C. and {Verbiest}, J.~P.~W.},
    title = "{European Pulsar Timing Array limits on an isotropic stochastic gravitational-wave background}",
  journal = {Monthly Notices Of The Royal Astronomical Society},
archivePrefix = "arXiv",
   eprint = {1504.03692},
 keywords = {gravitational waves, methods: data analysis, pulsars: general},
     year = 2015,
    month = nov,
   volume = 453,
    pages = {2576-2598},
      doi = {10.1093/mnras/stv1538},
   adsurl = {http://adsabs.harvard.edu/abs/2015MNRAS.453.2576L},
  adsnote = {Provided by the SAO/NASA Astrophysics Data System}
}

@ARTICLE{hmgt15,
   author = {{Huerta}, E.~A. and {McWilliams}, S.~T. and {Gair}, J.~R. and 
	{Taylor}, S.~R.},
    title = "{Detection of eccentric supermassive black hole binaries with pulsar timing arrays: Signal-to-noise ratio calculations}",
  journal = {Physical Review D},
archivePrefix = "arXiv",
   eprint = {1504.00928},
 primaryClass = "gr-qc",
 keywords = {Relativity and gravitation, Classical general relativity, Gravitational waves: theory},
     year = 2015,
    month = sep,
   volume = 92,
   number = 6,
      eid = {063010},
    pages = {063010},
      doi = {10.1103/PhysRevD.92.063010},
   adsurl = {http://adsabs.harvard.edu/abs/2015PhRvD..92f3010H},
  adsnote = {Provided by the SAO/NASA Astrophysics Data System}
}

@ARTICLE{teg14,
   author = {{Taylor}, S. and {Ellis}, J. and {Gair}, J.},
    title = "{Accelerated Bayesian model-selection and parameter-estimation in continuous gravitational-wave searches with pulsar-timing arrays}",
  journal = {Physical Review D},
archivePrefix = "arXiv",
   eprint = {1406.5224},
 primaryClass = "gr-qc",
 keywords = {Gravitational-wave astrophysics, Gravitational wave detectors and experiments, Gravitational radiation detectors, mass spectrometers, and other instrumentation and techniques, Applications of Monte Carlo methods},
     year = 2014,
    month = nov,
   volume = 90,
   number = 10,
      eid = {104028},
    pages = {104028},
      doi = {10.1103/PhysRevD.90.104028},
   adsurl = {http://adsabs.harvard.edu/abs/2014PhRvD..90j4028T},
  adsnote = {Provided by the SAO/NASA Astrophysics Data System}
}

@ARTICLE{mtg15,
   author = {{Moore}, C.~J. and {Taylor}, S.~R. and {Gair}, J.~R.},
    title = "{Estimating the sensitivity of pulsar timing arrays}",
  journal = {Classical and Quantum Gravity},
archivePrefix = "arXiv",
   eprint = {1406.5199},
 primaryClass = "astro-ph.IM",
     year = 2015,
    month = mar,
   volume = 32,
   number = 5,
      eid = {055004},
    pages = {055004},
      doi = {10.1088/0264-9381/32/5/055004},
   adsurl = {http://adsabs.harvard.edu/abs/2015CQGra..32e5004M},
  adsnote = {Provided by the SAO/NASA Astrophysics Data System}
}

@ARTICLE{grtm14,
   author = {{Gair}, J. and {Romano}, J.~D. and {Taylor}, S. and {Mingarelli}, C.~M.~F.
	},
    title = "{Mapping gravitational-wave backgrounds using methods from CMB analysis: Application to pulsar timing arrays}",
  journal = {Physical Review D},
archivePrefix = "arXiv",
   eprint = {1406.4664},
 primaryClass = "gr-qc",
 keywords = {Gravitational wave detectors and experiments, Wave generation and sources, Data analysis: algorithms and implementation, data management, Gravitational radiation detectors, mass spectrometers, and other instrumentation and techniques},
     year = 2014,
    month = oct,
   volume = 90,
   number = 8,
      eid = {082001},
    pages = {082001},
      doi = {10.1103/PhysRevD.90.082001},
   adsurl = {http://adsabs.harvard.edu/abs/2014PhRvD..90h2001G},
  adsnote = {Provided by the SAO/NASA Astrophysics Data System}
}

@ARTICLE{tg13,
   author = {{Taylor}, S.~R. and {Gair}, J.~R.},
    title = "{Searching for anisotropic gravitational-wave backgrounds using pulsar timing arrays}",
  journal = {Physical Review D},
archivePrefix = "arXiv",
   eprint = {1306.5395},
 primaryClass = "gr-qc",
 keywords = {Gravitational waves: theory, Gravitational wave detectors and experiments, Pulsars, Gravitational radiation detectors, mass spectrometers, and other instrumentation and techniques},
     year = 2013,
    month = oct,
   volume = 88,
   number = 8,
      eid = {084001},
    pages = {084001},
      doi = {10.1103/PhysRevD.88.084001},
   adsurl = {http://adsabs.harvard.edu/abs/2013PhRvD..88h4001T},
  adsnote = {Provided by the SAO/NASA Astrophysics Data System}
}

@ARTICLE{tgl13,
   author = {{Taylor}, S.~R. and {Gair}, J.~R. and {Lentati}, L.},
    title = "{Weighing the evidence for a gravitational-wave background in the first International Pulsar Timing Array data challenge}",
  journal = {Physical Review D},
archivePrefix = "arXiv",
   eprint = {1210.6014},
 primaryClass = "astro-ph.IM",
 keywords = {Gravitational waves: theory, Gravitational wave detectors and experiments, Pulsars, Gravitational radiation detectors, mass spectrometers, and other instrumentation and techniques},
     year = 2013,
    month = feb,
   volume = 87,
   number = 4,
      eid = {044035},
    pages = {044035},
      doi = {10.1103/PhysRevD.87.044035},
   adsurl = {http://adsabs.harvard.edu/abs/2013PhRvD..87d4035T},
  adsnote = {Provided by the SAO/NASA Astrophysics Data System}
}

@ARTICLE{lah+13,
   author = {{Lentati}, L. and {Alexander}, P. and {Hobson}, M.~P. and {Taylor}, S. and 
	{Gair}, J. and {Balan}, S.~T. and {van Haasteren}, R.},
    title = "{Hyper-efficient model-independent Bayesian method for the analysis of pulsar timing data}",
  journal = {Physical Review D},
archivePrefix = "arXiv",
   eprint = {1210.3578},
 primaryClass = "astro-ph.IM",
 keywords = {Gravitational waves: theory, Relativity and gravitation, Gravitational wave detectors and experiments, Experimental tests of gravitational theories},
     year = 2013,
    month = may,
   volume = 87,
   number = 10,
      eid = {104021},
    pages = {104021},
      doi = {10.1103/PhysRevD.87.104021},
   adsurl = {http://adsabs.harvard.edu/abs/2013PhRvD..87j4021L},
  adsnote = {Provided by the SAO/NASA Astrophysics Data System}
}

@ARTICLE{tg12,
   author = {{Taylor}, S.~R. and {Gair}, J.~R.},
    title = "{Cosmology with the lights off: Standard sirens in the Einstein Telescope era}",
  journal = {Physical Review D},
archivePrefix = "arXiv",
   eprint = {1204.6739},
 primaryClass = "astro-ph.CO",
 keywords = {Observational cosmology, Gravitational-wave astrophysics, Gravitational wave detectors and experiments, Gravitational radiation magnetic fields and other observations},
     year = 2012,
    month = jul,
   volume = 86,
   number = 2,
      eid = {023502},
    pages = {023502},
      doi = {10.1103/PhysRevD.86.023502},
   adsurl = {http://adsabs.harvard.edu/abs/2012PhRvD..86b3502T},
  adsnote = {Provided by the SAO/NASA Astrophysics Data System}
}

@ARTICLE{tgm12,
   author = {{Taylor}, S.~R. and {Gair}, J.~R. and {Mandel}, I.},
    title = "{Cosmology using advanced gravitational-wave detectors alone}",
  journal = {Physical Review D},
archivePrefix = "arXiv",
   eprint = {1108.5161},
 primaryClass = "gr-qc",
 keywords = {Observational cosmology, Gravitational-wave astrophysics, Gravitational wave detectors and experiments, Gravitational radiation magnetic fields and other observations},
     year = 2012,
    month = jan,
   volume = 85,
   number = 2,
      eid = {023535},
    pages = {023535},
      doi = {10.1103/PhysRevD.85.023535},
   adsurl = {http://adsabs.harvard.edu/abs/2012PhRvD..85b3535T},
  adsnote = {Provided by the SAO/NASA Astrophysics Data System}
}
