%% This BibTeX bibliography file was created using BibDesk.
%% https://bibdesk.sourceforge.io/

%% Created for Jeff Hazboun at 2025-03-09 22:02:40 -0700 


%% Saved with string encoding Unicode (UTF-8) 



@article{Burnette+2025,
	adsnote = {Provided by the SAO/NASA Astrophysics Data System},
	adsurl = {https://ui.adsabs.harvard.edu/abs/2025arXiv250218599B},
	archiveprefix = {arXiv},
	author = {{Burnette}, Rand and {Sun}, Jerry P. and {Agazie}, Gabriella and {Anumarlapudi}, Akash and {Archibald}, Anne M. and {Arzoumanian}, Zaven and {Baier}, Jeremy G. and {Baker}, Paul T. and {Becsy}, Bence and {Blecha}, Laura and {Brazier}, Adam and {Brook}, Paul R. and {Burke-Spolaor}, Sarah and {Casey-Clyde}, J. Andrew and {Charisi}, Maria and {Chatterjee}, Shami and {Cohen}, Tyler and {Cordes}, James M. and {Cornish}, Neil J. and {Crawford}, Fronefield and {Cromartie}, H. Thankful and {Crowter}, Kathryn and {DeCesar}, Megan E. and {Demorest}, Paul B. and {Deng}, Heling and {Dey}, Lankeswar and {Dolch}, Timothy and {Ferrara}, Elizabeth C. and {Fiore}, William and {Fonseca}, Emmanuel and {Freedman}, Gabriel E. and {Gardiner}, Emiko C. and {Garver-Daniels}, Nate and {Gentile}, Peter A. and {Gersbach}, Kyle A. and {Glaser}, Joseph and {Good}, Deborah C. and {Gultekin}, Kayhan and {Hazboun}, Jeffrey S. and {Jennings}, Ross J. and {Johnson}, Aaron D. and {Jones}, Megan L. and {Kaplan}, David L. and {Kelley}, Luke Zoltan and {Kerr}, Matthew and {Key}, Joey S. and {Laal}, Nima and {Lam}, Michael T. and {Lamb}, William G. and {Larsen}, Bjorn and {Lazio}, T. Joseph W. and {Lewandowska}, Natalia and {Liu}, Tingting and {Lorimer}, Duncan R. and {Luo}, Jing and {Lynch}, Ryan S. and {Ma}, Chung-Pei and {Madison}, Dustin R. and {McEwen}, Alexander and {McKee}, James W. and {McLaughlin}, Maura A. and {McMann}, Natasha and {Meyers}, Bradley W. and {Meyers}, Patrick M. and {Mingarelli}, Chiara M.~F. and {Mitridate}, Andrea and {Ng}, Cherry and {Nice}, David J. and {Ocker}, Stella Koch and {Olum}, Ken D. and {Pennucci}, Timothy T. and {Perera}, Benetge B.~P. and {Petrov}, Polina and {Pol}, Nihan S. and {Radovan}, Henri A. and {Ransom}, Scott M. and {Ray}, Paul S. and {Runnoe}, Jessie C. and {Saffer}, Alexander and {Sardesai}, Shashwat C. and {Schmiedekamp}, Ann and {Schmiedekamp}, Carl and {Schmitz}, Kai and {Shapiro-Albert}, Brent J. and {Siemens}, Xavier and {Simon}, Joseph and {Siwek}, Magdalena S. and {Sosa Fiscella}, Sophia V. and {Stairs}, Ingrid H. and {Stinebring}, Daniel R. and {Stovall}, Kevin and {Susobhanan}, Abhimanyu and {Swiggum}, Joseph K. and {Taylor}, Jacob and {Taylor}, Stephen R. and {Turner}, Jacob E. and {Unal}, Caner and {Vallisneri}, Michele and {van Haasteren}, Rutger and {Vigeland}, Sarah J. and {Wahl}, Haley M. and {Witt}, Caitlin A. and {Wright}, David and {Young}, Olivia and {Natarajan}, Priyamvada},
	date-added = {2025-03-09 14:01:24 -0700},
	date-modified = {2025-03-09 14:02:19 -0700},
	doi = {10.48550/arXiv.2502.18599},
	eid = {arXiv:2502.18599},
	eprint = {2502.18599},
	journal = {arXiv},
	keywords = {pta, nanograv, gravitational waves, submitted},
	month = feb,
	pages = {arXiv:2502.18599},
	primaryclass = {gr-qc},
	title = {{The NANOGrav 15-year Data Set: Search for Gravitational Wave Memory}},
	year = 2025,
	bdsk-url-1 = {https://doi.org/10.48550/arXiv.2502.18599}}

@article{Fiore+2024,
	adsnote = {Provided by the SAO/NASA Astrophysics Data System},
	adsurl = {https://ui.adsabs.harvard.edu/abs/2024arXiv241205452F},
	archiveprefix = {arXiv},
	author = {{Fiore}, William and {McLaughlin}, Maura A. and {Agazie}, Gabriella and {Anumarlapudi}, Akash and {Archibald}, Anne M. and {Arzoumanian}, Zaven and {Baker}, Paul T. and {Brook}, Paul R. and {Cromartie}, H. Thankful and {Crowter}, Kathryn and {DeCesar}, Megan E. and {Demorest}, Paul B. and {Dey}, Lankeswar and {Dolch}, Timothy and {Ferrara}, Elizabeth C. and {Fonseca}, Emmanuel and {Freedman}, Gabriel E. and {Garver-Daniels}, Nate and {Gentile}, Peter A. and {Glaser}, Joseph and {Good}, Deborah C. and {Hazboun}, Jeffrey S. and {Jennings}, Ross J. and {Jones}, Megan L. and {Kaplan}, David L. and {Kerr}, Matthew and {Lam}, Michael T. and {Lorimer}, Duncan R. and {Luo}, Jing and {Lynch}, Ryan S. and {McEwen}, Alexander and {McMann}, Natasha and {Meyers}, Bradley W. and {Ng}, Cherry and {Nice}, David J. and {Pennucci}, Timothy T. and {Perera}, Benetge B.~P. and {Pol}, Nihan S. and {Radovan}, Henri A. and {Ransom}, Scott M. and {Ray}, Paul S. and {Schmiedekamp}, Ann and {Schmiedekamp}, Carl and {Shapiro-Albert}, Brent J. and {Stairs}, Ingrid H. and {Stovall}, Kevin and {Susobhanan}, Abhimanyu and {Swiggum}, Joseph K. and {Wahl}, Haley M.},
	date-added = {2025-03-09 13:57:46 -0700},
	date-modified = {2025-03-09 13:58:25 -0700},
	doi = {10.48550/arXiv.2412.05452},
	eid = {arXiv:2412.05452},
	eprint = {2412.05452},
	journal = {arXiv},
	keywords = {pta, nanograv, timing, chromatic, noise, submitted},
	month = dec,
	pages = {arXiv:2412.05452},
	primaryclass = {astro-ph.HE},
	title = {{Pulse Profile Variability of PSR J1022+1001 in NANOGrav Data}},
	year = 2024,
	bdsk-url-1 = {https://doi.org/10.48550/arXiv.2412.05452}}

@article{donlon+2024,
	adsnote = {Provided by the SAO/NASA Astrophysics Data System},
	adsurl = {https://ui.adsabs.harvard.edu/abs/2024arXiv240706482D},
	archiveprefix = {arXiv},
	author = {{Donlon}, II, Thomas and {Chakrabarti}, Sukanya and {Lam}, Michael T. and {Huber}, Daniel and {Hey}, Daniel and {Ramirez-Ruiz}, Enrico and {Shappee}, Benjamin and {Kaplan}, David L. and {Agazie}, Gabriella and {Anumarlapudi}, Akash and {Archibald}, Anne M. and {Arzoumanian}, Zaven and {Baker}, Paul T. and {Brook}, Paul R. and {Cromartie}, H. Thankful and {Crowter}, Kathryn and {DeCesar}, Megan E. and {Demorest}, Paul B. and {Dolch}, Timothy and {Ferrara}, Elizabeth C. and {Fiore}, William and {Fonseca}, Emmanuel and {Freedman}, Gabriel E. and {Garver-Daniels}, Nate and {Gentile}, Peter A. and {Glaser}, Joseph and {Good}, Deborah C. and {Hazboun}, Jeffrey S. and {Huber}, Mark and {Jennings}, Ross J. and {Jones}, Megan L. and {Kerr}, Matthew and {Lorimer}, Duncan R. and {Luo}, Jing and {Lynch}, Ryan S. and {McEwen}, Alexander and {McLaughlin}, Maura A. and {McMann}, Natasha and {Meyers}, Bradley W. and {Ng}, Cherry and {Nice}, David J. and {Pennucci}, Timothy T. and {Perera}, Benetge B.~P. and {Pol}, Nihan S. and {Radovan}, Henri A. and {Ransom}, Scott M. and {Ray}, Paul S. and {Schmiedekamp}, Ann and {Schmiedekamp}, Carl and {Shapiro-Albert}, Brent J. and {Stairs}, Ingrid H. and {Stovall}, Kevin and {Susobhanan}, Abhimanyu and {Swiggum}, Joseph K. and {Tucker}, Michael A. and {Wahl}, Haley M.},
	date-added = {2025-03-09 13:53:59 -0700},
	date-modified = {2025-03-09 13:55:15 -0700},
	doi = {10.48550/arXiv.2407.06482},
	eid = {arXiv:2407.06482},
	eprint = {2407.06482},
	journal = {arXiv},
	keywords = {pta, nanograv, timing, submitted},
	month = jul,
	pages = {arXiv:2407.06482},
	primaryclass = {astro-ph.SR},
	title = {{The Anomalous Acceleration of PSR J2043+1711: Long-Period Orbital Companion or Stellar Flyby?}},
	year = 2024,
	bdsk-url-1 = {https://doi.org/10.48550/arXiv.2407.06482}}

@article{ocker+2023helio,
	adsnote = {Provided by the SAO/NASA Astrophysics Data System},
	adsurl = {https://ui.adsabs.harvard.edu/abs/2023BAAS...55c.301O},
	archiveprefix = {arXiv},
	author = {{Ocker}, Stella and {Cordes}, James and {Chatterjee}, Shami and {Hazboun}, Jeffrey and {Dolch}, Timothy and {Stinebring}, Daniel and {Madison}, Dustin and {White}, Stephen and {Taylor}, Gregory and {Lewandowska}, Natalia and {Lam}, Michael},
	booktitle = {Bulletin of the American Astronomical Society},
	date-added = {2024-12-10 09:36:29 -0800},
	date-modified = {2024-12-10 09:41:04 -0800},
	doi = {10.3847/25c2cfeb.dd406a9d},
	eid = {301},
	eprint = {2208.11804},
	journal = {\baas},
	keywords = {pta, solar wind, pulsars, white paper},
	month = jul,
	number = {3},
	pages = {301},
	primaryclass = {astro-ph.GA},
	title = {{Heliosphere Meets Interstellar Medium, in a Galactic Context}},
	volume = {55},
	year = 2023,
	bdsk-url-1 = {https://doi.org/10.3847/25c2cfeb.dd406a9d}}

@article{ng15postpred,
	adsnote = {Provided by the SAO/NASA Astrophysics Data System},
	adsurl = {https://ui.adsabs.harvard.edu/abs/2024arXiv240720510A},
	archiveprefix = {arXiv},
	author = {{Agazie}, Gabriella and {Anumarlapudi}, Akash and {Archibald}, Anne M. and {Arzoumanian}, Zaven and {Baier}, Jeremy George and {Baker}, Paul T. and {B{\'e}csy}, Bence and {Blecha}, Laura and {Brazier}, Adam and {Brook}, Paul R. and {Burke-Spolaor}, Sarah and {Casey-Clyde}, J. Andrew and {Charisi}, Maria and {Chatterjee}, Shami and {Chatziioannou}, Katerina and {Cohen}, Tyler and {Cordes}, James M. and {Cornish}, Neil J. and {Crawford}, Fronefield and {Cromartie}, H. Thankful and {Crowter}, Kathryn and {DeCesar}, Megan E. and {Demorest}, Paul B. and {Deng}, Heling and {Dey}, Lankeswar and {Dolch}, Timothy and {Ferrara}, Elizabeth C. and {Fiore}, William and {Fonseca}, Emmanuel and {Freedman}, Gabriel E. and {Gardiner}, Emiko C. and {Garver-Daniels}, Nate and {Gentile}, Peter A. and {Gersbach}, Kyle A. and {Glaser}, Joseph and {Good}, Deborah C. and {G{\"u}ltekin}, Kayhan and {Hazboun}, Jeffrey S. and {Jennings}, Ross J. and {Johnson}, Aaron D. and {Jones}, Megan L. and {Kaiser}, Andrew R. and {Kaplan}, David L. and {Kelley}, Luke Zoltan and {Kerr}, Matthew and {Key}, Joey S. and {Laal}, Nima and {Lam}, Michael T. and {Lamb}, William G. and {Larsen}, Bjorn and {Lazio}, T. Joseph W. and {Lewandowska}, Natalia and {Liu}, Tingting and {Lorimer}, Duncan R. and {Luo}, Jing and {Lynch}, Ryan S. and {Ma}, Chung-Pei and {Madison}, Dustin R. and {McEwen}, Alexander and {McKee}, James W. and {McLaughlin}, Maura A. and {McMann}, Natasha and {Meyers}, Bradley W. and {Meyers}, Patrick M. and {Mingarelli}, Chiara M.~F. and {Mitridate}, Andrea and {Ng}, Cherry and {Nice}, David J. and {Ocker}, Stella Koch and {Olum}, Ken D. and {Pennucci}, Timothy T. and {Perera}, Benetge B.~P. and {Pol}, Nihan S. and {Radovan}, Henri A. and {Ransom}, Scott M. and {Ray}, Paul S. and {Romano}, Joseph D. and {Runnoe}, Jessie C. and {Saffer}, Alexander and {Sardesai}, Shashwat C. and {Schmiedekamp}, Ann and {Schmiedekamp}, Carl and {Schmitz}, Kai and {Shapiro-Albert}, Brent J. and {Siemens}, Xavier and {Simon}, Joseph and {Siwek}, Magdalena S. and {Sosa Fiscella}, Sophia V. and {Stairs}, Ingrid H. and {Stinebring}, Daniel R. and {Stovall}, Kevin and {Susobhanan}, Abhimanyu and {Swiggum}, Joseph K. and {Taylor}, Stephen R. and {Turner}, Jacob E. and {Unal}, Caner and {Vallisneri}, Michele and {Vigeland}, Sarah J. and {Wahl}, Haley M. and {Witt}, Caitlin A. and {Wright}, David and {Young}, Olivia},
	date-added = {2024-12-09 16:30:51 -0800},
	date-modified = {2025-03-09 13:36:55 -0700},
	doi = {10.1103/PhysRevD.111.042011},
	eid = {arXiv:2407.20510},
	eprint = {2407.20510},
	journal = {\prd},
	keywords = {data analysis, nanograv, pta},
	month = feb,
	number = {4},
	pages = {042011},
	primaryclass = {astro-ph.HE},
	title = {{The NANOGrav 15 yr data set: Posterior predictive checks for gravitational-wave detection with pulsar timing arrays}},
	volume = {111},
	year = 2025,
	bdsk-url-1 = {https://doi.org/10.48550/arXiv.2407.20510}}

@article{ng15dropout,
	adsnote = {Provided by the SAO/NASA Astrophysics Data System},
	adsurl = {https://ui.adsabs.harvard.edu/abs/2024arXiv241114846A},
	archiveprefix = {arXiv},
	author = {{Agazie}, Gabriella and {Anumarlapudi}, Akash and {Archibald}, Anne M. and {Arzoumanian}, Zaven and {Baier}, Jeremy G. and {Baker}, Paul T. and {Becsy}, Bence and {Blecha}, Laura and {Brazier}, Adam and {Brook}, Paul R. and {Burke-Spolaor}, Sarah and {Casey-Clyde}, J. Andrew and {Charisi}, Maria and {Chatterjee}, Shami and {Cohen}, Tyler and {Cordes}, James M. and {Cornish}, Neil J. and {Crawford}, Fronefield and {Cromartie}, H. Thankful and {Crowter}, Kathryn and {DeCesar}, Megan E. and {Demorest}, Paul B. and {Deng}, Heling and {Dey}, Lankeswar and {Dolch}, Timothy and {Ferrara}, Elizabeth C. and {Fiore}, William and {Fonseca}, Emmanuel and {Freedman}, Gabriel E. and {Gardiner}, Emiko C. and {Garver-Daniels}, Nate and {Gentile}, Peter A. and {Gersbach}, Kyle A. and {Glaser}, Joseph and {Good}, Deborah C. and {Guertin}, Lydia and {Gultekin}, Kayhan and {Hazboun}, Jeffrey S. and {Jennings}, Ross J. and {Johnson}, Aaron D. and {Jones}, Megan L. and {Kaiser}, Andrew R. and {Kaplan}, David L. and {Kelley}, Luke Zoltan and {Kerr}, Matthew and {Key}, Joey S. and {Laal}, Nima and {Lam}, Michael T. and {Lamb}, William G. and {Larsen}, Bjorn and {Lazio}, T. Joseph W. and {Lewandowska}, Natalia and {Liu}, Tingting and {Lorimer}, Duncan R. and {Luo}, Jing and {Lynch}, Ryan S. and {Ma}, Chung-Pei and {Madison}, Dustin R. and {McEwen}, Alexander and {McKee}, James W. and {McLaughlin}, Maura A. and {McMann}, Natasha and {Meyers}, Bradley W. and {Meyers}, Patrick M. and {Middleton}, Hannah and {Mingarelli}, Chiara M.~F. and {Mitridate}, Andrea and {Moore}, Christopher J. and {Ng}, Cherry and {Nice}, David J. and {Ocker}, Stella Koch and {Olum}, Ken D. and {Pennucci}, Timothy T. and {Perera}, Benetge B.~P. and {Pol}, Nihan S. and {Radovan}, Henri A. and {Ransom}, Scott M. and {Ray}, Paul S. and {Romano}, Joseph D. and {Runnoe}, Jessie C. and {Saffer}, Alexander and {Sardesai}, Shashwat C. and {Schmiedekamp}, Ann and {Schmiedekamp}, Carl and {Schmitz}, Kai and {Shapiro-Albert}, Brent J. and {Siemens}, Xavier and {Simon}, Joseph and {Siwek}, Magdalena S. and {Sosa Fiscella}, Sophia V. and {Stairs}, Ingrid H. and {Stinebring}, Daniel R. and {Stovall}, Kevin and {Susobhanan}, Abhimanyu and {Swiggum}, Joseph K. and {Taylor}, Stephen R. and {Turner}, Jacob E. and {Unal}, Caner and {Vallisneri}, Michele and {Vecchio}, Alberto and {Vigeland}, Sarah J. and {Wahl}, Haley M. and {Witt}, Caitlin A. and {Wright}, David and {Young}, Olivia},
	date-added = {2024-12-09 16:27:35 -0800},
	date-modified = {2024-12-09 16:28:25 -0800},
	doi = {10.48550/arXiv.2411.14846},
	eid = {arXiv:2411.14846},
	eprint = {2411.14846},
	journal = {arXiv},
	keywords = {gravitational waves, pta, nanograv, submitted},
	month = nov,
	pages = {arXiv:2411.14846},
	primaryclass = {astro-ph.HE},
	title = {{The NANOGrav 15 year Data Set: Removing pulsars one by one from the pulsar timing array}},
	year = 2024,
	bdsk-url-1 = {https://doi.org/10.48550/arXiv.2411.14846}}

@article{ng15harmonic,
	adsnote = {Provided by the SAO/NASA Astrophysics Data System},
	adsurl = {https://ui.adsabs.harvard.edu/abs/2024arXiv241113472A},
	archiveprefix = {arXiv},
	author = {{Agazie}, Gabriella and {Baier}, Jeremy G. and {Baker}, Paul T. and {Becsy}, Bence and {Blecha}, Laura and {Boddy}, Kimberly K. and {Brazier}, Adam and {Brook}, Paul R. and {Burke-Spolaor}, Sarah and {Burnette}, Rand and {Casey-Clyde}, J. Andrew and {Charisi}, Maria and {Chatterjee}, Shami and {Cohen}, Tyler and {Cordes}, James M. and {Cornish}, Neil J. and {Crawford}, Fronefield and {Cromartie}, H. Thankful and {DeCesar}, Megan E. and {Demorest}, Paul B. and {Deng}, Heling and {Dey}, Lankeswar and {Dolch}, Timothy and {Ferrara}, Elizabeth C. and {Fiore}, William and {Fonseca}, Emmanuel and {Freedman}, Gabriel E. and {Gardiner}, Emiko C. and {Gersbach}, Kyle A. and {Glaser}, Joseph and {Good}, Deborah C. and {Gultekin}, Kayhan and {Hazboun}, Jeffrey S. and {Jennings}, Ross J. and {Johnson}, Aaron D. and {Kaplan}, David L. and {Kelley}, Luke Zoltan and {Key}, Joey S. and {Laal}, Nima and {Lam}, Michael T. and {Lamb}, William G. and {Larsen}, Bjorn and {Lazio}, T. Joseph W. and {Lewandowska}, Natalia and {Liu}, Tingting and {Luo}, Jing and {Lynch}, Ryan S. and {Ma}, Chung-Pei and {Madison}, Dustin R. and {McEwen}, Alexander and {McKee}, James W. and {McLaughlin}, Maura A. and {Meyers}, Patrick M. and {Mingarelli}, Chiara M.~F. and {Mitridate}, Andrea and {Nay}, Jonathan and {Nice}, David J. and {Ocker}, Stella Koch and {Olum}, Ken D. and {Pennucci}, Timothy T. and {Petrov}, Polina and {Pol}, Nihan S. and {Radovan}, Henri A. and {Ransom}, Scott M. and {Ray}, Paul S. and {Runnoe}, Jessie C. and {Saffer}, Alexander and {Sardesai}, Shashwat C. and {Schmitz}, Kai and {Siemens}, Xavier and {Simon}, Joseph and {Siwek}, Magdalena S. and {Smith}, Tristan L. and {Sosa Fiscella}, Sophia V. and {Stairs}, Ingrid H. and {Stinebring}, Daniel R. and {Susobhanan}, Abhimanyu and {Swiggum}, Joseph K. and {Taylor}, Jacob and {Taylor}, Stephen R. and {Turner}, Jacob E. and {Unal}, Caner and {Vallisneri}, Michele and {van Haasteren}, Rutger and {Verbiest}, Joris and {Vigeland}, Sarah J. and {Witt}, Caitlin A. and {Wright}, David and {Young}, Olivia},
	date-added = {2024-12-09 16:26:19 -0800},
	date-modified = {2024-12-09 16:28:58 -0800},
	doi = {10.48550/arXiv.2411.13472},
	eid = {arXiv:2411.13472},
	eprint = {2411.13472},
	journal = {arXiv},
	keywords = {gravitational waves, pta, nanograv, alternative theories, submitted},
	month = nov,
	pages = {arXiv:2411.13472},
	primaryclass = {astro-ph.HE},
	title = {{The NANOGrav 15 yr Data Set: Harmonic Analysis of the Pulsar Angular Correlations}},
	year = 2024,
	bdsk-url-1 = {https://doi.org/10.48550/arXiv.2411.13472}}

@article{chen+2024tomography,
	adsnote = {Provided by the SAO/NASA Astrophysics Data System},
	adsurl = {https://ui.adsabs.harvard.edu/abs/2024arXiv241105906C},
	archiveprefix = {arXiv},
	author = {{Chen}, Yifan and {Daniel}, Matthias and {D'Orazio}, Daniel J. and {Mitridate}, Andrea and {Sagunski}, Laura and {Xue}, Xiao and {Agazie}, Gabriella and {Baier}, Jeremy G. and {Baker}, Paul T. and {B{\'e}csy}, Bence and {Blecha}, Laura and {Brazier}, Adam and {Brook}, Paul R. and {Burke-Spolaor}, Sarah and {Burnette}, Rand and {Casey-Clyde}, J. Andrew and {Charisi}, Maria and {Chatterjee}, Shami and {Cohen}, Tyler and {Cordes}, James M. and {Cornish}, Neil J. and {Crawford}, Fronefield and {Cromartie}, H. Thankful and {DeCesar}, Megan E. and {Demorest}, Paul B. and {Deng}, Heling and {Dey}, Lankeswar and {Dolch}, Timothy and {Ferrara}, Elizabeth C. and {Fiore}, William and {Fonseca}, Emmanuel and {Freedman}, Gabriel E. and {Gardiner}, Emiko C. and {Gersbach}, Kyle A. and {Glaser}, Joseph and {Good}, Deborah C. and {G{\"u}ltekin}, Kayhan and {Hazboun}, Jeffrey S. and {Jennings}, Ross J. and {Johnson}, Aaron D. and {Kaplan}, David L. and {Kelley}, Luke Zoltan and {Key}, Joey S. and {Laal}, Nima and {Lam}, Michael T. and {Lamb}, William G. and {Larsen}, Bjorn and {Lazio}, T. Joseph W. and {Lewandowska}, Natalia and {Liu}, Tingting and {Luo}, Jing and {Lynch}, Ryan S. and {Ma}, Chung-Pei and {Madison}, Dustin R. and {McEwen}, Alexander and {McKee}, James W. and {McLaughlin}, Maura A. and {Meyers}, Patrick M. and {Mingarelli}, Chiara M.~F. and {Nice}, David J. and {Ocker}, Stella Koch and {Olum}, Ken D. and {Pennucci}, Timothy T. and {Petrov}, Polina and {Pol}, Nihan S. and {Radovan}, Henri A. and {Ransom}, Scott M. and {Ray}, Paul S. and {Romano}, Joseph D. and {Runnoe}, Jessie C. and {Saffer}, Alexander and {Sardesai}, Shashwat C. and {Schmitz}, Kai and {Siemens}, Xavier and {Simon}, Joseph and {Siwek}, Magdalena S. and {Sosa Fiscella}, Sophia V. and {Stairs}, Ingrid H. and {Stinebring}, Daniel R. and {Susobhanan}, Abhimanyu and {Swiggum}, Joseph K. and {Taylor}, Jacob and {Taylor}, Stephen R. and {Turner}, Jacob E. and {Unal}, Caner and {Vallisneri}, Michele and {van Haasteren}, Rutger and {Verbiest}, Joris and {Vigeland}, Sarah J. and {Witt}, Caitlin A. and {Wright}, David and {Young}, Olivia},
	date-added = {2024-12-09 16:24:26 -0800},
	date-modified = {2024-12-09 16:25:05 -0800},
	doi = {10.48550/arXiv.2411.05906},
	eid = {arXiv:2411.05906},
	eprint = {2411.05906},
	journal = {arXiv},
	keywords = {gravitational waves, pta, nanograv, submitted},
	month = nov,
	pages = {arXiv:2411.05906},
	primaryclass = {astro-ph.HE},
	title = {{Galaxy Tomography with the Gravitational Wave Background from Supermassive Black Hole Binaries}},
	year = 2024,
	bdsk-url-1 = {https://doi.org/10.48550/arXiv.2411.05906}}

@article{susarla+2024sw,
	adsnote = {Provided by the SAO/NASA Astrophysics Data System},
	adsurl = {https://ui.adsabs.harvard.edu/abs/2024A&A...692A..18S},
	author = {{Susarla}, S.~C. and {Chalumeau}, A. and {Tiburzi}, C. and {Keane}, E.~F. and {Verbiest}, J.~P.~W. and {Hazboun}, J.~S. and {Krishnakumar}, M.~A. and {Iraci}, F. and {Shaifullah}, G.~M. and {Golden}, A. and {Bak Nielsen}, A. -S. and {Donner}, J. and {Grie{\ss}meier}, J. -M. and {Keith}, M.~J. and {Os{\l}owski}, S. and {Porayko}, N.~K. and {Serylak}, M. and {Anderson}, J.~M. and {Br{\"u}ggen}, M. and {Ciardi}, B. and {Dettmar}, R. -J. and {Hoeft}, M. and {K{\"u}nsem{\"o}ller}, J. and {Schwarz}, D. and {Vocks}, C.},
	date-added = {2024-12-09 16:19:04 -0800},
	date-modified = {2024-12-09 16:20:23 -0800},
	doi = {10.1051/0004-6361/202450680},
	eid = {A18},
	journal = {\aap},
	keywords = {gravitational waves, data analysis, solar wind, pulsars, published},
	month = dec,
	number = {0},
	pages = {A18},
	title = {{Exploring the time variability of the solar wind using LOFAR pulsar data}},
	volume = {692},
	year = 2024,
	bdsk-url-1 = {https://doi.org/10.1051/0004-6361/202450680}}

@article{ng15running,
	adsnote = {Provided by the SAO/NASA Astrophysics Data System},
	adsurl = {https://ui.adsabs.harvard.edu/abs/2024arXiv240810166A},
	archiveprefix = {arXiv},
	author = {{Agazie}, Gabriella and {Anumarlapudi}, Akash and {Archibald}, Anne M. and {Arzoumanian}, Zaven and {Baier}, Jeremy George and {Baker}, Paul T. and {B{\'e}csy}, Bence and {Blecha}, Laura and {Brazier}, Adam and {Brook}, Paul R. and {Burke-Spolaor}, Sarah and {Casey-Clyde}, J. Andrew and {Charisi}, Maria and {Chatterjee}, Shami and {Cohen}, Tyler and {Cordes}, James M. and {Cornish}, Neil J. and {Crawford}, Fronefield and {Cromartie}, H. Thankful and {Crowter}, Kathryn and {DeCesar}, Megan E. and {Demorest}, Paul B. and {Deng}, Heling and {Dey}, Lankeswar and {Dolch}, Timothy and {Esmyol}, David and {Ferrara}, Elizabeth C. and {Fiore}, William and {Fonseca}, Emmanuel and {Freedman}, Gabriel E. and {Gardiner}, Emiko C. and {Garver-Daniels}, Nate and {Gentile}, Peter A. and {Gersbach}, Kyle A. and {Glaser}, Joseph and {Good}, Deborah C. and {G{\"u}ltekin}, Kayhan and {Hazboun}, Jeffrey S. and {Jennings}, Ross J. and {Johnson}, Aaron D. and {Jones}, Megan L. and {Kaplan}, David L. and {Kelley}, Luke Zoltan and {Kerr}, Matthew and {Key}, Joey S. and {Laal}, Nima and {Lam}, Michael T. and {Lamb}, William G. and {Larsen}, Bjorn and {Lazio}, T. Joseph W. and {Lewandowska}, Natalia and {Lino dos Santos}, Rafael R. and {Liu}, Tingting and {Lorimer}, Duncan R. and {Luo}, Jing and {Lynch}, Ryan S. and {Ma}, Chung-Pei and {Madison}, Dustin R. and {McEwen}, Alexander and {McKee}, James W. and {McLaughlin}, Maura A. and {McMann}, Natasha and {Meyers}, Bradley W. and {Meyers}, Patrick M. and {Mingarelli}, Chiara M.~F. and {Mitridate}, Andrea and {Ng}, Cherry and {Nice}, David J. and {Ocker}, Stella Koch and {Olum}, Ken D. and {Pennucci}, Timothy T. and {Perera}, Benetge B.~P. and {Pol}, Nihan S. and {Radovan}, Henri A. and {Ransom}, Scott M. and {Ray}, Paul S. and {Romano}, Joseph D. and {Runnoe}, Jessie C. and {Saffer}, Alexander and {Sardesai}, Shashwat C. and {Schmiedekamp}, Ann and {Schmiedekamp}, Carl and {Schmitz}, Kai and {Schr{\"o}der}, Tobias and {Shapiro-Albert}, Brent J. and {Siemens}, Xavier and {Simon}, Joseph and {Siwek}, Magdalena S. and {Sosa Fiscella}, Sophia V. and {Stairs}, Ingrid H. and {Stinebring}, Daniel R. and {Stovall}, Kevin and {Susobhanan}, Abhimanyu and {Swiggum}, Joseph K. and {Taylor}, Stephen R. and {Turner}, Jacob E. and {Unal}, Caner and {Vallisneri}, Michele and {van Haasteren}, Rutger and {Vigeland}, Sarah J. and {von Eckardstein}, Richard and {Wahl}, Haley M. and {Witt}, Caitlin A. and {Wright}, David and {Young}, Olivia},
	date-added = {2024-12-09 16:04:31 -0800},
	date-modified = {2025-03-09 13:42:16 -0700},
	doi = {10.3847/2041-8213/ad99d3},
	eid = {arXiv:2408.10166},
	eprint = {2408.10166},
	journal = {\apjl},
	keywords = {pta, nanograv, cosmology},
	month = jan,
	number = {2},
	pages = {L29},
	primaryclass = {astro-ph.HE},
	title = {{The NANOGrav 15 yr Data Set: Running of the Spectral Index}},
	volume = {978},
	year = 2025,
	bdsk-url-1 = {https://doi.org/10.48550/arXiv.2408.10166}}

@article{larsen+2024chrom,
	adsnote = {Provided by the SAO/NASA Astrophysics Data System},
	adsurl = {https://ui.adsabs.harvard.edu/abs/2024ApJ...972...49L},
	archiveprefix = {arXiv},
	author = {{Larsen}, Bjorn and {Mingarelli}, Chiara M.~F. and {Hazboun}, Jeffrey S. and {Chalumeau}, Aur{\'e}lien and {Good}, Deborah C. and {Simon}, Joseph and {Agazie}, Gabriella and {Anumarlapudi}, Akash and {Archibald}, Anne M. and {Arzoumanian}, Zaven and {Baker}, Paul T. and {Brook}, Paul R. and {Cromartie}, H. Thankful and {Crowter}, Kathryn and {DeCesar}, Megan E. and {Demorest}, Paul B. and {Dolch}, Timothy and {Ferrara}, Elizabeth C. and {Fiore}, William and {Fonseca}, Emmanuel and {Freedman}, Gabriel E. and {Garver-Daniels}, Nate and {Gentile}, Peter A. and {Glaser}, Joseph and {Jennings}, Ross J. and {Jones}, Megan L. and {Kaplan}, David L. and {Kerr}, Matthew and {Lam}, Michael T. and {Lorimer}, Duncan R. and {Luo}, Jing and {Lynch}, Ryan S. and {McEwen}, Alexander and {McLaughlin}, Maura A. and {McMann}, Natasha and {Meyers}, Bradley W. and {Ng}, Cherry and {Nice}, David J. and {Pennucci}, Timothy T. and {Perera}, Benetge B.~P. and {Pol}, Nihan S. and {Radovan}, Henri A. and {Ransom}, Scott M. and {Ray}, Paul S. and {Schmiedekamp}, Ann and {Schmiedekamp}, Carl and {Shapiro-Albert}, Brent J. and {Stairs}, Ingrid H. and {Stovall}, Kevin and {Susobhanan}, Abhimanyu and {Swiggum}, Joseph K. and {Wahl}, Haley M. and {Champion}, David J. and {Cognard}, Isma{\"e}l and {Guillemot}, Lucas and {Hu}, Huanchen and {Keith}, Michael J. and {Liu}, Kuo and {McKee}, James W. and {Parthasarathy}, Aditya and {Perrodin}, Delphine and {Possenti}, Andrea and {Shaifullah}, Golam M. and {Theureau}, Gilles},
	date-added = {2024-12-09 16:03:11 -0800},
	date-modified = {2024-12-09 16:03:31 -0800},
	doi = {10.3847/1538-4357/ad5291},
	eid = {49},
	eprint = {2405.14941},
	journal = {\apj},
	keywords = {Millisecond pulsars, Gravitational wave astronomy, Gravitational wave detectors, Pulsar timing method, Interstellar medium, Astronomy data analysis, 1062, 675, 676, 1305, 847, 1858, Astrophysics - High Energy Astrophysical Phenomena, Astrophysics - Astrophysics of Galaxies, Astrophysics - Instrumentation and Methods for Astrophysics},
	month = sep,
	number = {1},
	pages = {49},
	primaryclass = {astro-ph.HE},
	title = {{The NANOGrav 15 yr Data Set: Chromatic Gaussian Process Noise Models for Six Pulsars}},
	volume = {972},
	year = 2024,
	bdsk-url-1 = {https://doi.org/10.3847/1538-4357/ad5291}}

@article{baier+2024tune,
	adsnote = {Provided by the SAO/NASA Astrophysics Data System},
	adsurl = {https://ui.adsabs.harvard.edu/abs/2024arXiv240900336B},
	archiveprefix = {arXiv},
	author = {{Baier}, Jeremy G. and {Hazboun}, J.~S. and {Romano}, Joseph D.},
	date-added = {2024-12-09 16:01:50 -0800},
	date-modified = {2025-03-09 22:02:40 -0700},
	doi = {10.48550/arXiv.2409.00336},
	eid = {arXiv:2409.00336},
	eprint = {2409.00336},
	journal = {\apj},
	keywords = {pta, sensitivity, accepted},
	month = aug,
	number = {-},
	pages = {-},
	primaryclass = {astro-ph.HE},
	title = {{Tuning a PTA in the detection era}},
	volume = {-},
	year = 2025,
	bdsk-url-1 = {https://doi.org/10.48550/arXiv.2409.00336}}

@article{wright+2024cmb,
	adsnote = {Provided by the SAO/NASA Astrophysics Data System},
	adsurl = {https://ui.adsabs.harvard.edu/abs/2024arXiv240915572W},
	archiveprefix = {arXiv},
	author = {{Wright}, David and {Giblin}, John T. and {Hazboun}, J.~S.},
	date-added = {2024-12-09 15:56:26 -0800},
	date-modified = {2025-03-09 22:02:30 -0700},
	doi = {10.48550/arXiv.2409.15572},
	eid = {arXiv:2409.15572},
	eprint = {2409.15572},
	journal = {arXiv},
	keywords = {pta, gravitational waves, cosmology, submitted},
	month = sep,
	pages = {arXiv:2409.15572},
	primaryclass = {gr-qc},
	title = {{CMB and energy conservation limits on nanohertz gravitational waves}},
	year = 2024,
	bdsk-url-1 = {https://doi.org/10.48550/arXiv.2409.15572}}

@article{ng15discrete,
	adsnote = {Provided by the SAO/NASA Astrophysics Data System},
	adsurl = {https://ui.adsabs.harvard.edu/abs/2024arXiv240407020A},
	archiveprefix = {arXiv},
	author = {{Agazie}, Gabriella and {Anumarlapudi}, Akash and {Archibald}, Anne M. and {Arzoumanian}, Zaven and {Baier}, Jeremy George and {Baker}, Paul T. and {B{\'e}csy}, Bence and {Blecha}, Laura and {Brazier}, Adam and {Brook}, Paul R. and {Brown}, Lucas and {Burke-Spolaor}, Sarah and {Casey-Clyde}, J. Andrew and {Charisi}, Maria and {Chatterjee}, Shami and {Cohen}, Tyler and {Cordes}, James M. and {Cornish}, Neil J. and {Crawford}, Fronefield and {Cromartie}, H. Thankful and {Crowter}, Kathryn and {DeCesar}, Megan E. and {Demorest}, Paul B. and {Deng}, Heling and {Dolch}, Timothy and {Ferrara}, Elizabeth C. and {Fiore}, William and {Fonseca}, Emmanuel and {Freedman}, Gabriel E. and {Garver-Daniels}, Nate and {Gentile}, Peter A. and {Glaser}, Joseph and {Good}, Deborah C. and {G{\"u}ltekin}, Kayhan and {Hazboun}, Jeffrey S. and {Jennings}, Ross J. and {Johnson}, Aaron D. and {Jones}, Megan L. and {Kaiser}, Andrew R. and {Kaplan}, David L. and {Kelley}, Luke Zoltan and {Kerr}, Matthew and {Key}, Joey S. and {Laal}, Nima and {Lam}, Michael T. and {Lamb}, William G. and {Larsen}, Bjorn and {Lazio}, T. Joseph W. and {Lewandowska}, Natalia and {Liu}, Tingting and {Lorimer}, Duncan R. and {Luo}, Jing and {Lynch}, Ryan S. and {Ma}, Chung-Pei and {Madison}, Dustin R. and {McEwen}, Alexander and {McKee}, James W. and {McLaughlin}, Maura A. and {McMann}, Natasha and {Meyers}, Bradley W. and {Meyers}, Patrick M. and {Mingarelli}, Chiara M.~F. and {Mitridate}, Andrea and {Natarajan}, Priyamvada and {Ng}, Cherry and {Nice}, David J. and {Ocker}, Stella Koch and {Olum}, Ken D. and {Pennucci}, Timothy T. and {Perera}, Benetge B.~P. and {Pol}, Nihan S. and {Radovan}, Henri A. and {Ransom}, Scott M. and {Ray}, Paul S. and {Romano}, Joseph D. and {Runnoe}, Jessie C. and {Sardesai}, Shashwat C. and {Schmiedekamp}, Ann and {Schmiedekamp}, Carl and {Schmitz}, Kai and {Shapiro-Albert}, Brent and {Siemens}, Xavier and {Simon}, Joseph and {Siwek}, Magdalena S. and {Sosa Fiscella}, Sophia V. and {Stairs}, Ingrid H. and {Stinebring}, Daniel R. and {Stovall}, Kevin and {Susobhanan}, Abhimanyu and {Swiggum}, Joseph K. and {Taylor}, Stephen R. and {Turner}, Jacob E. and {Unal}, Caner and {Vallisneri}, Michele and {Vigeland}, Sarah J. and {Wahl}, Haley M. and {Willson}, London and {Witt}, Caitlin A. and {Wright}, David and {Young}, Olivia},
	date-added = {2024-12-09 15:48:54 -0800},
	date-modified = {2025-03-09 13:39:59 -0700},
	doi = {10.3847/1538-4357/ad93d5},
	eid = {arXiv:2404.07020},
	eprint = {2404.07020},
	journal = {\apj},
	keywords = {pta, supermassive black holes, black hole physics},
	month = jan,
	number = {1},
	pages = {31},
	primaryclass = {astro-ph.HE},
	title = {{The NANOGrav 15 yr Data Set: Looking for Signs of Discreteness in the Gravitational-wave Background}},
	volume = {978},
	year = 2025,
	bdsk-url-1 = {https://doi.org/10.48550/arXiv.2404.07020}}

@article{ng15pipeline,
	adsnote = {Provided by the SAO/NASA Astrophysics Data System},
	adsurl = {https://ui.adsabs.harvard.edu/abs/2024PhRvD.109j3012J},
	archiveprefix = {arXiv},
	author = {{Johnson}, Aaron D. and {Meyers}, Patrick M. and {Baker}, Paul T. and {Cornish}, Neil J. and {Hazboun}, Jeffrey S. and {Littenberg}, Tyson B. and {Romano}, Joseph D. and {Taylor}, Stephen R. and {Vallisneri}, Michele and {Vigeland}, Sarah J. and {Olum}, Ken D. and {Siemens}, Xavier and {Ellis}, Justin A. and {van Haasteren}, Rutger and {Hourihane}, Sophie and {Agazie}, Gabriella and {Anumarlapudi}, Akash and {Archibald}, Anne M. and {Arzoumanian}, Zaven and {Blecha}, Laura and {Brazier}, Adam and {Brook}, Paul R. and {Burke-Spolaor}, Sarah and {B{\'e}csy}, Bence and {Casey-Clyde}, J. Andrew and {Charisi}, Maria and {Chatterjee}, Shami and {Chatziioannou}, Katerina and {Cohen}, Tyler and {Cordes}, James M. and {Crawford}, Fronefield and {Cromartie}, H. Thankful and {Crowter}, Kathryn and {Decesar}, Megan E. and {Demorest}, Paul B. and {Dolch}, Timothy and {Drachler}, Brendan and {Ferrara}, Elizabeth C. and {Fiore}, William and {Fonseca}, Emmanuel and {Freedman}, Gabriel E. and {Garver-Daniels}, Nate and {Gentile}, Peter A. and {Glaser}, Joseph and {Good}, Deborah C. and {G{\"u}ltekin}, Kayhan and {Jennings}, Ross J. and {Jones}, Megan L. and {Kaiser}, Andrew R. and {Kaplan}, David L. and {Kelley}, Luke Zoltan and {Kerr}, Matthew and {Key}, Joey S. and {Laal}, Nima and {Lam}, Michael T. and {Lamb}, William G. and {Lazio}, T. Joseph W. and {Lewandowska}, Natalia and {Liu}, Tingting and {Lorimer}, Duncan R. and {Luo}, Jing and {Lynch}, Ryan S. and {Ma}, Chung-Pei and {Madison}, Dustin R. and {McEwen}, Alexander and {McKee}, James W. and {McLaughlin}, Maura A. and {McMann}, Natasha and {Meyers}, Bradley W. and {Mingarelli}, Chiara M.~F. and {Mitridate}, Andrea and {Ng}, Cherry and {Nice}, David J. and {Ocker}, Stella Koch and {Pennucci}, Timothy T. and {Perera}, Benetge B.~P. and {Pol}, Nihan S. and {Radovan}, Henri A. and {Ransom}, Scott M. and {Ray}, Paul S. and {Sardesai}, Shashwat C. and {Schmiedekamp}, Carl and {Schmiedekamp}, Ann and {Schmitz}, Kai and {Shapiro-Albert}, Brent J. and {Simon}, Joseph and {Siwek}, Magdalena S. and {Stairs}, Ingrid H. and {Stinebring}, Daniel R. and {Stovall}, Kevin and {Susobhanan}, Abhimanyu and {Swiggum}, Joseph K. and {Turner}, Jacob E. and {Unal}, Caner and {Wahl}, Haley M. and {Witt}, Caitlin A. and {Young}, Olivia and {Nanograv Collaboration}},
	date-added = {2024-12-09 15:36:57 -0800},
	date-modified = {2024-12-09 15:41:59 -0800},
	doi = {10.1103/PhysRevD.109.103012},
	eid = {103012},
	eprint = {2306.16223},
	journal = {\prd},
	keywords = {gravitational waves, nanograv, pta, computational, published},
	month = may,
	number = {10},
	pages = {103012},
	primaryclass = {astro-ph.HE},
	title = {{NANOGrav 15-year gravitational-wave background methods}},
	volume = {109},
	year = 2024,
	bdsk-url-1 = {https://doi.org/10.1103/PhysRevD.109.103012}}

@article{ipta3p+2023,
	adsnote = {Provided by the SAO/NASA Astrophysics Data System},
	adsurl = {https://ui.adsabs.harvard.edu/abs/2023arXiv230900693T},
	archiveprefix = {arXiv},
	author = {{Agazie}, G. and {Antoniadis}, J. and {Anumarlapudi}, A. and {Archibald}, A.~M. and {Arumugam}, P. and {Arumugam}, S. and {Arzoumanian}, Z. and {Askew}, J. and {Babak}, S. and {Bagchi}, M. and {Bailes}, M. and {Bak Nielsen}, A. -S. and {Baker}, P.~T. and {Bassa}, C.~G. and {Bathula}, A. and {B{\'e}csy}, B. and {Berthereau}, A. and {Bhat}, N.~D.~R. and {Blecha}, L. and {Bonetti}, M. and {Bortolas}, E. and {Brazier}, A. and {Brook}, P.~R. and {Burgay}, M. and {Burke-Spolaor}, S. and {Burnette}, R. and {Caballero}, R.~N. and {Cameron}, A. and {Case}, R. and {Chalumeau}, A. and {Champion}, D.~J. and {Chanlaridis}, S. and {Charisi}, M. and {Chatterjee}, S. and {Chatziioannou}, K. and {Cheeseboro}, B.~D. and {Chen}, S. and {Chen}, Z. -C. and {Cognard}, I. and {Cohen}, T. and {Coles}, W.~A. and {Cordes}, J.~M. and {Cornish}, N.~J. and {Crawford}, F. and {Cromartie}, H.~T. and {Crowter}, K. and {Cury{\l}o}, M. and {Cutler}, C.~J. and {Dai}, S. and {Dandapat}, S. and {Deb}, D. and {DeCesar}, M.~E. and {DeGan}, D. and {Demorest}, P.~B. and {Deng}, H. and {Desai}, S. and {Desvignes}, G. and {Dey}, L. and {Dhanda-Batra}, N. and {Di Marco}, V. and {Dolch}, T. and {Drachler}, B. and {Dwivedi}, C. and {Ellis}, J.~A. and {Falxa}, M. and {Feng}, Y. and {Ferdman}, R.~D. and {Ferrara}, E.~C. and {Fiore}, W. and {Fonseca}, E. and {Franchini}, A. and {Freedman}, G.~E. and {Gair}, J.~R. and {Garver-Daniels}, N. and {Gentile}, P.~A. and {Gersbach}, K.~A. and {Glaser}, J. and {Good}, D.~C. and {Goncharov}, B. and {Gopakumar}, A. and {Graikou}, E. and {Grie{\ss}meier}, J. -M. and {Guillemot}, L. and {G{\"u}ltekin}, K. and {Guo}, Y.~J. and {Gupta}, Y. and {Grunthal}, K. and {Hazboun}, J.~S. and {Hisano}, S. and {Hobbs}, G.~B. and {Hourihane}, S. and {Hu}, H. and {Iraci}, F. and {Islo}, K. and {Izquierdo-Villalba}, D. and {Jang}, J. and {Jawor}, J. and {Janssen}, G.~H. and {Jennings}, R.~J. and {Jessner}, A. and {Johnson}, A.~D. and {Jones}, M.~L. and {Joshi}, B.~C. and {Kaiser}, A.~R. and {Kaplan}, D.~L. and {Kapur}, A. and {Kareem}, F. and {Karuppusamy}, R. and {Keane}, E.~F. and {Keith}, M.~J. and {Kelley}, L.~Z. and {Kerr}, M. and {Key}, J.~S. and {Kharbanda}, D. and {Kikunaga}, T. and {Klein}, T.~C. and {Kolhe}, N. and {Kramer}, M. and {Krishnakumar}, M.~A. and {Kulkarni}, A. and {Laal}, N. and {Lackeos}, K. and {Lam}, M.~T. and {Lamb}, W.~G. and {Larsen}, B.~B. and {Lazio}, T.~J.~W. and {Lee}, K.~J. and {Levin}, Y. and {Lewandowska}, N. and {Littenberg}, T.~B. and {Liu}, K. and {Liu}, T. and {Liu}, Y. and {Lommen}, A. and {Lorimer}, D.~R. and {Lower}, M.~E. and {Luo}, J. and {Luo}, R. and {Lynch}, R.~S. and {Lyne}, A.~G. and {Ma}, C. -P. and {Maan}, Y. and {Madison}, D.~R. and {Main}, R.~A. and {Manchester}, R.~N. and {Mandow}, R. and {Mattson}, M.~A. and {McEwen}, A. and {McKee}, J.~W. and {McLaughlin}, M.~A. and {McMann}, N. and {Meyers}, B.~W. and {Meyers}, P.~M. and {Mickaliger}, M.~B. and {Miles}, M. and {Mingarelli}, C.~M.~F. and {Mitridate}, A. and {Natarajan}, P. and {Nathan}, R.~S. and {Ng}, C. and {Nice}, D.~J. and {Ni{\c{t}}u}, I.~C. and {Nobleson}, K. and {Ocker}, S.~K. and {Olum}, K.~D. and {Os{\l}owski}, S. and {Paladi}, A.~K. and {Parthasarathy}, A. and {Pennucci}, T.~T. and {Perera}, B.~B.~P. and {Perrodin}, D. and {Petiteau}, A. and {Petrov}, P. and {Pol}, N.~S. and {Porayko}, N.~K. and {Possenti}, A. and {Prabu}, T. and {Quelquejay Leclere}, H. and {Radovan}, H.~A. and {Rana}, P. and {Ransom}, S.~M. and {Ray}, P.~S. and {Reardon}, D.~J. and {Rogers}, A.~F. and {Romano}, J.~D. and {Russell}, C.~J. and {Samajdar}, A. and {Sanidas}, S.~A. and {Sardesai}, S.~C. and {Schmiedekamp}, A. and {Schmiedekamp}, C. and {Schmitz}, K. and {Schult}, L. and {Sesana}, A. and {Shaifullah}, G. and {Shannon}, R.~M. and {Shapiro-Albert}, B.~J. and {Siemens}, X. and {Simon}, J. and {Singha}, J. and {Siwek}, M.~S. and {Speri}, L. and {Spiewak}, R. and {Srivastava}, A. and {Stairs}, I.~H. and {Stappers}, B.~W. and {Stinebring}, D.~R. and {Stovall}, K. and {Sun}, J.~P. and {Surnis}, M. and {Susarla}, S.~C. and {Susobhanan}, A. and {Swiggum}, J.~K. and {Takahashi}, K. and {Tarafdar}, P. and {Taylor}, J. and {Taylor}, S.~R. and {Theureau}, G. and {Thrane}, E. and {Thyagarajan}, N. and {Tiburzi}, C. and {Toomey}, L. and {Turner}, J.~E. and {Unal}, C. and {Vallisneri}, M. and {van der Wateren}, E. and {van Haasteren}, R. and {Vecchio}, A. and {Venkatraman Krishnan}, V. and {Verbiest}, J.~P.~W. and {Vigeland}, S.~J. and {Wahl}, H.~M. and {Wang}, S. and {Wang}, Q. and {Witt}, C.~A. and {Wang}, J. and {Wang}, L. and {Wayt}, K.~E. and {Wu}, Z. and {Young}, O. and {Zhang}, L. and {Zhang}, S. and {Zhu}, X. -J. and {Zic}, A.},
	date-added = {2024-03-12 16:10:31 -0700},
	date-modified = {2024-12-22 07:25:41 -0800},
	doi = {10.3847/1538-4357/ad36be},
	eid = {105},
	eprint = {2309.00693},
	journal = {\apj},
	keywords = {gravitational waves, ipta, pta, published, key},
	month = may,
	number = {1},
	pages = {105},
	primaryclass = {astro-ph.HE},
	title = {{Comparing recent PTA results on the nanohertz stochastic gravitational wave background}},
	volume = {966},
	year = 2024,
	bdsk-url-1 = {https://doi.org/10.48550/arXiv.2309.00693}}

@article{ng15howto,
	adsnote = {Provided by the SAO/NASA Astrophysics Data System},
	adsurl = {https://ui.adsabs.harvard.edu/abs/2023ApJ...959....9B},
	archiveprefix = {arXiv},
	author = {{B{\'e}csy}, B. and {Cornish}, Neil J. and {Meyers}, Patrick M. and {Kelley}, Luke Zoltan and {Agazie}, Gabriella and {Anumarlapudi}, Akash and {Archibald}, Anne M. and {Arzoumanian}, Zaven and {Baker}, Paul T. and {Blecha}, Laura and {Brazier}, Adam and {Brook}, Paul R. and {Burke-Spolaor}, Sarah and {Casey-Clyde}, J. Andrew and {Charisi}, Maria and {Chatterjee}, Shami and {Chatziioannou}, Katerina and {Cohen}, Tyler and {Cordes}, James M. and {Crawford}, Fronefield and {Cromartie}, H. Thankful and {Crowter}, Kathryn and {DeCesar}, Megan E. and {Demorest}, Paul B. and {Dolch}, Timothy and {Ferrara}, Elizabeth C. and {Fiore}, William and {Fonseca}, Emmanuel and {Freedman}, Gabriel E. and {Garver-Daniels}, Nate and {Gentile}, Peter A. and {Glaser}, Joseph and {Good}, Deborah C. and {G{\"u}ltekin}, Kayhan and {Hazboun}, Jeffrey S. and {Hourihane}, Sophie and {Jennings}, Ross J. and {Johnson}, Aaron D. and {Jones}, Megan L. and {Kaiser}, Andrew R. and {Kaplan}, David L. and {Kerr}, Matthew and {Key}, Joey S. and {Laal}, Nima and {Lam}, Michael T. and {Lamb}, William G. and {W. Lazio}, T. Joseph and {Lewandowska}, Natalia and {Littenberg}, Tyson B. and {Liu}, Tingting and {Lorimer}, Duncan R. and {Luo}, Jing and {Lynch}, Ryan S. and {Ma}, Chung-Pei and {Madison}, Dustin R. and {McEwen}, Alexander and {McKee}, James W. and {McLaughlin}, Maura A. and {McMann}, Natasha and {Meyers}, Bradley W. and {Mingarelli}, Chiara M.~F. and {Mitridate}, Andrea and {Ng}, Cherry and {Nice}, David J. and {Ocker}, Stella Koch and {Olum}, Ken D. and {Pennucci}, Timothy T. and {Perera}, Benetge B.~P. and {Pol}, Nihan S. and {Radovan}, Henri A. and {Ransom}, Scott M. and {Ray}, Paul S. and {Romano}, Joseph D. and {Sardesai}, Shashwat C. and {Schmiedekamp}, Ann and {Schmiedekamp}, Carl and {Schmitz}, Kai and {Shapiro-Albert}, Brent J. and {Siemens}, Xavier and {Simon}, Joseph and {Siwek}, Magdalena S. and {Sosa Fiscella}, Sophia V. and {Stairs}, Ingrid H. and {Stinebring}, Daniel R. and {Stovall}, Kevin and {Susobhanan}, Abhimanyu and {Swiggum}, Joseph K. and {Taylor}, Stephen R. and {Turner}, Jacob E. and {Unal}, Caner and {Vallisneri}, Michele and {van Haasteren}, Rutger and {Vigeland}, Sarah J. and {Wahl}, Haley M. and {Witt}, Caitlin A. and {Young}, Olivia},
	date-added = {2024-03-12 16:07:39 -0700},
	date-modified = {2024-03-13 09:52:27 -0700},
	doi = {10.3847/1538-4357/ad09e4},
	eid = {9},
	eprint = {2309.04443},
	journal = {\apj},
	keywords = {gravitational waves, nanograv, pta, published},
	month = dec,
	number = {1},
	pages = {9},
	primaryclass = {gr-qc},
	title = {{How to Detect an Astrophysical Nanohertz Gravitational Wave Background}},
	volume = {959},
	year = 2023,
	bdsk-url-1 = {https://doi.org/10.3847/1538-4357/ad09e4}}

@article{ng12p5eccentric,
	adsnote = {Provided by the SAO/NASA Astrophysics Data System},
	adsurl = {https://ui.adsabs.harvard.edu/abs/2024ApJ...963..144A},
	archiveprefix = {arXiv},
	author = {{Agazie}, G. and {Arzoumanian}, Zaven and {Baker}, Paul T. and {B{\'e}csy}, Bence and {Blecha}, Laura and {Blumer}, Harsha and {Brazier}, Adam and {Brook}, Paul R. and {Burke-Spolaor}, Sarah and {Casey-Clyde}, J. Andrew and {Charisi}, Maria and {Chatterjee}, Shami and {Cheeseboro}, Belinda D. and {Cohen}, Tyler and {Cordes}, James M. and {Cornish}, Neil J. and {Crawford}, Fronefield and {Cromartie}, H. Thankful and {Decesar}, Megan E. and {Demorest}, Paul B. and {Dey}, Lankeswar and {Dolch}, Timothy and {Ellis}, Justin A. and {Ferdman}, Robert D. and {Ferrara}, Elizabeth C. and {Fiore}, William and {Fonseca}, Emmanuel and {Freedman}, Gabriel E. and {Garver-Daniels}, Nate and {Gentile}, Peter A. and {Glaser}, Joseph and {Good}, Deborah C. and {Gopakumar}, Achamveedu and {G{\"u}ltekin}, Kayhan and {Hazboun}, Jeffrey S. and {Jennings}, Ross J. and {Johnson}, Aaron D. and {Jones}, Megan L. and {Kaiser}, Andrew R. and {Kaplan}, David L. and {Kelley}, Luke Zoltan and {Key}, Joey S. and {Laal}, Nima and {Lam}, Michael T. and {Lamb}, William G. and {W. Lazio}, T. Joseph and {Lewandowska}, Natalia and {Liu}, Tingting and {Lorimer}, Duncan R. and {Luo}, Jing and {Lynch}, Ryan S. and {Ma}, Chung-Pei and {Madison}, Dustin R. and {McEwen}, Alexander and {McKee}, James W. and {McLaughlin}, Maura A. and {Meyers}, Patrick M. and {Mingarelli}, Chiara M.~F. and {Mitridate}, Andrea and {Ng}, Cherry and {Nice}, David J. and {Ocker}, Stella Koch and {Olum}, Ken D. and {Pennucci}, Timothy T. and {Pol}, Nihan S. and {Radovan}, Henri A. and {Ransom}, Scott M. and {Ray}, Paul S. and {Romano}, Joseph D. and {Sardesai}, Shashwat C. and {Schmitz}, Kai and {Siemens}, Xavier and {Simon}, Joseph and {Siwek}, Magdalena S. and {Sosa Fiscella}, Sophia V. and {Spiewak}, Ren{\'e}e and {Stairs}, Ingrid H. and {Stinebring}, Daniel R. and {Stovall}, Kevin and {Susobhanan}, Abhimanyu and {Swiggum}, Joseph K. and {Taylor}, Stephen R. and {Turner}, Jacob E. and {Unal}, Caner and {Vallisneri}, Michele and {Vigeland}, Sarah J. and {Witt}, Caitlin A. and {Young}, Olivia and {NANOGrav Collaboration}},
	date-added = {2024-03-12 16:06:25 -0700},
	date-modified = {2024-03-13 09:50:18 -0700},
	doi = {10.3847/1538-4357/ad1f61},
	eid = {144},
	eprint = {2309.17438},
	journal = {\apj},
	keywords = {gravitational waves, nanograv, pta, published},
	month = mar,
	number = {2},
	pages = {144},
	primaryclass = {astro-ph.HE},
	title = {{The NANOGrav 12.5 yr Data Set: A Computationally Efficient Eccentric Binary Search Pipeline and Constraints on an Eccentric Supermassive Binary Candidate in 3C 66B}},
	volume = {963},
	year = 2024,
	bdsk-url-1 = {https://doi.org/10.3847/1538-4357/ad1f61}}

@article{ng12p5memory,
	adsnote = {Provided by the SAO/NASA Astrophysics Data System},
	adsurl = {https://ui.adsabs.harvard.edu/abs/2024ApJ...963...61A},
	author = {{Agazie}, G. and {Arzoumanian}, Zaven and {Baker}, Paul T. and {B{\'e}csy}, Bence and {Blecha}, Laura and {Blumer}, Harsha and {Brazier}, Adam and {Brook}, Paul R. and {Burke-Spolaor}, Sarah and {Burnette}, Rand and {Case}, Robin and {Casey-Clyde}, J. Andrew and {Charisi}, Maria and {Chatterjee}, Shami and {Cohen}, Tyler and {Cordes}, James M. and {Cornish}, Neil J. and {Crawford}, Fronefield and {Cromartie}, H. Thankful and {Decesar}, Megan E. and {Degan}, Dallas and {Demorest}, Paul B. and {Dolch}, Timothy and {Drachler}, Brendan and {Ellis}, Justin A. and {Ferdman}, Robert D. and {Ferrara}, Elizabeth C. and {Fiore}, William and {Fonseca}, Emmanuel and {Freedman}, Gabriel E. and {Garver-Daniels}, Nate and {Gentile}, Peter A. and {Glaser}, Joseph and {Good}, Deborah C. and {G{\"u}ltekin}, Kayhan and {Hazboun}, Jeffrey S. and {Jennings}, Ross J. and {Johnson}, Aaron D. and {Jones}, Megan L. and {Kaiser}, Andrew R. and {Kaplan}, David L. and {Kelley}, Luke Zoltan and {Key}, Joey S. and {Laal}, Nima and {Lam}, Michael T. and {Lamb}, William G. and {W. Lazio}, T. Joseph and {Lewandowska}, Natalia and {Liu}, Tingting and {Lorimer}, Duncan R. and {Luo}, Jing and {Lynch}, Ryan S. and {Ma}, Chung-Pei and {Madison}, Dustin R. and {McEwen}, Alexander and {McKee}, James W. and {McLaughlin}, Maura A. and {Meyers}, Patrick M. and {Mingarelli}, Chiara M.~F. and {Mitridate}, Andrea and {Ng}, Cherry and {Nice}, David J. and {Ocker}, Stella Koch and {Olum}, Ken D. and {Pennucci}, Timothy T. and {Pol}, Nihan S. and {Ransom}, Scott M. and {Ray}, Paul S. and {Romano}, Joseph D. and {Sardesai}, Shashwat C. and {Schmitz}, Kai and {Siemens}, Xavier and {Simon}, Joseph and {Siwek}, Magdalena S. and {Sosa Fiscella}, Sophia V. and {Spiewak}, Ren{\'e}e and {Stairs}, Ingrid H. and {Stinebring}, Daniel R. and {Stovall}, Kevin and {Sun}, Jerry P. and {Swiggum}, Joseph K. and {Taylor}, Jacob and {Taylor}, Stephen R. and {Turner}, Jacob E. and {Unal}, Caner and {Vallisneri}, Michele and {Vigeland}, Sarah J. and {Wahl}, Haley M. and {Witt}, Caitlin A. and {Young}, Olivia and {The Nanograv Collaboration}},
	date-added = {2024-03-12 16:04:25 -0700},
	date-modified = {2024-03-13 09:50:11 -0700},
	doi = {10.3847/1538-4357/ad0726},
	eid = {61},
	journal = {\apj},
	keywords = {gravitational waves, nanograv, pta, published},
	month = mar,
	number = {1},
	pages = {61},
	title = {{The NANOGrav 12.5 yr Data Set: Search for Gravitational Wave Memory}},
	volume = {963},
	year = 2024,
	bdsk-url-1 = {https://doi.org/10.3847/1538-4357/ad0726}}

@article{ng15altpol,
	adsnote = {Provided by the SAO/NASA Astrophysics Data System},
	adsurl = {https://ui.adsabs.harvard.edu/abs/2023arXiv231012138A},
	archiveprefix = {arXiv},
	author = {{Agazie}, G. and {Anumarlapudi}, Akash and {Archibald}, Anne M. and {Arzoumanian}, Zaven and {Baier}, Jeremy and {Baker}, Paul T. and {B{\'e}csy}, Bence and {Blecha}, Laura and {Brazier}, Adam and {Brook}, Paul R. and {Burke-Spolaor}, Sarah and {Burnette}, Rand and {Case}, Robin and {Casey-Clyde}, J. Andrew and {Charisi}, Maria and {Chatterjee}, Shami and {Cohen}, Tyler and {Cordes}, James M. and {Cornish}, Neil J. and {Crawford}, Fronefield and {Cromartie}, H. Thankful and {Crowter}, Kathryn and {DeCesar}, Megan E. and {DeGan}, Dallas and {Demorest}, Paul B. and {Dolch}, Timothy and {Drachler}, Brendan and {Ferrara}, Elizabeth C. and {Fiore}, William and {Fonseca}, Emmanuel and {Freedman}, Gabriel E. and {Garver-Daniels}, Nate and {Gentile}, Peter A. and {Glaser}, Joseph and {Good}, Deborah C. and {G{\"u}ltekin}, Kayhan and {Hazboun}, Jeffrey S. and {Jennings}, Ross J. and {Johnson}, Aaron D. and {Jones}, Megan L. and {Kaiser}, Andrew R. and {Kaplan}, David L. and {Kelley}, Luke Zoltan and {Kerr}, Matthew and {Key}, Joey S. and {Laal}, Nima and {Lam}, Michael T. and {Lamb}, William G. and {Lazio}, T. Joseph W. and {Lewandowska}, Natalia and {Liu}, Tingting and {Lorimer}, Duncan R. and {Luo}, Jing and {Lynch}, Ryan S. and {Ma}, Chung-Pei and {Madison}, Dustin R. and {McEwen}, Alexander and {McKee}, James W. and {McLaughlin}, Maura A. and {McMann}, Natasha and {Meyers}, Bradley W. and {Mingarelli}, Chiara M.~F. and {Mitridate}, Andrea and {Natarajan}, Priyamvada and {Ng}, Cherry and {Nice}, David J. and {Ocker}, Stella Koch and {Olum}, Ken D. and {Pennucci}, Timothy T. and {Perera}, Benetge B.~P. and {Pol}, Nihan S. and {Radovan}, Henri A. and {Ransom}, Scott M. and {Ray}, Paul S. and {Romano}, Joseph D. and {Saffer}, Alexander and {Sardesai}, Shashwat C. and {Schmiedekamp}, Ann and {Schmiedekamp}, Carl and {Schmitz}, Kai and {Shapiro-Albert}, Brent J. and {Siemens}, Xavier and {Simon}, Joseph and {Siwek}, Magdalena S. and {Stairs}, Ingrid H. and {Stinebring}, Daniel R. and {Stovall}, Kevin and {Sun}, Jerry P. and {Susobhanan}, Abhimanyu and {Swiggum}, Joseph K. and {Taylor}, Jacob A. and {Taylor}, Stephen R. and {Turner}, E. and {Unal}, Caner and {Vallisneri}, Michele and {Vigeland}, Sarah J. and {Wahl}, Haley M. and {Witt}, Caitlin A. and {Young}, Olivia},
	date-added = {2024-03-12 15:53:31 -0700},
	date-modified = {2024-12-09 15:55:42 -0800},
	doi = {10.3847/2041-8213/ad2a51},
	eid = {arXiv:2310.12138},
	eprint = {2310.12138},
	journal = {\apjl},
	keywords = {gravitational waves, nanograv, pta, published},
	month = mar,
	number = {1},
	pages = {L14},
	primaryclass = {gr-qc},
	title = {{The NANOGrav 15-year data set: Search for Transverse Polarization Modes in the Gravitational-Wave Background}},
	volume = {964},
	year = 2024,
	bdsk-url-1 = {https://doi.org/10.48550/arXiv.2310.12138}}

@article{ng15newphysics,
	adsnote = {Provided by the SAO/NASA Astrophysics Data System},
	adsurl = {https://ui.adsabs.harvard.edu/abs/2023ApJ...951L..11A},
	archiveprefix = {arXiv},
	author = {{Afzal}, A. and {Agazie}, Gabriella and {Anumarlapudi}, Akash and {Archibald}, Anne M. and {Arzoumanian}, Zaven and {Baker}, Paul T. and {B{\'e}csy}, Bence and {Blanco-Pillado}, Jose Juan and {Blecha}, Laura and {Boddy}, Kimberly K. and {Brazier}, Adam and {Brook}, Paul R. and {Burke-Spolaor}, Sarah and {Burnette}, Rand and {Case}, Robin and {Charisi}, Maria and {Chatterjee}, Shami and {Chatziioannou}, Katerina and {Cheeseboro}, Belinda D. and {Chen}, Siyuan and {Cohen}, Tyler and {Cordes}, James M. and {Cornish}, Neil J. and {Crawford}, Fronefield and {Cromartie}, H. Thankful and {Crowter}, Kathryn and {Cutler}, Curt J. and {Decesar}, Megan E. and {Degan}, Dallas and {Demorest}, Paul B. and {Deng}, Heling and {Dolch}, Timothy and {Drachler}, Brendan and {von Eckardstein}, Richard and {Ferrara}, Elizabeth C. and {Fiore}, William and {Fonseca}, Emmanuel and {Freedman}, Gabriel E. and {Garver-Daniels}, Nate and {Gentile}, Peter A. and {Gersbach}, Kyle A. and {Glaser}, Joseph and {Good}, Deborah C. and {Guertin}, Lydia and {G{\"u}ltekin}, Kayhan and {Hazboun}, Jeffrey S. and {Hourihane}, Sophie and {Islo}, Kristina and {Jennings}, Ross J. and {Johnson}, Aaron D. and {Jones}, Megan L. and {Kaiser}, Andrew R. and {Kaplan}, David L. and {Kelley}, Luke Zoltan and {Kerr}, Matthew and {Key}, Joey S. and {Laal}, Nima and {Lam}, Michael T. and {Lamb}, William G. and {Lazio}, T. Joseph W. and {Lee}, Vincent S.~H. and {Lewandowska}, Natalia and {Lino Dos Santos}, Rafael R. and {Littenberg}, Tyson B. and {Liu}, Tingting and {Lorimer}, Duncan R. and {Luo}, Jing and {Lynch}, Ryan S. and {Ma}, Chung-Pei and {Madison}, Dustin R. and {McEwen}, Alexander and {McKee}, James W. and {McLaughlin}, Maura A. and {McMann}, Natasha and {Meyers}, Bradley W. and {Meyers}, Patrick M. and {Mingarelli}, Chiara M.~F. and {Mitridate}, Andrea and {Nay}, Jonathan and {Natarajan}, Priyamvada and {Ng}, Cherry and {Nice}, David J. and {Ocker}, Stella Koch and {Olum}, Ken D. and {Pennucci}, Timothy T. and {Perera}, Benetge B.~P. and {Petrov}, Polina and {Pol}, Nihan S. and {Radovan}, Henri A. and {Ransom}, Scott M. and {Ray}, Paul S. and {Romano}, Joseph D. and {Sardesai}, Shashwat C. and {Schmiedekamp}, Ann and {Schmiedekamp}, Carl and {Schmitz}, Kai and {Schr{\"o}der}, Tobias and {Schult}, Levi and {Shapiro-Albert}, Brent J. and {Siemens}, Xavier and {Simon}, Joseph and {Siwek}, Magdalena S. and {Stairs}, Ingrid H. and {Stinebring}, Daniel R. and {Stovall}, Kevin and {Stratmann}, Peter and {Sun}, Jerry P. and {Susobhanan}, Abhimanyu and {Swiggum}, Joseph K. and {Taylor}, Jacob and {Taylor}, Stephen R. and {Trickle}, Tanner and {Turner}, Jacob E. and {Unal}, Caner and {Vallisneri}, Michele and {Verma}, Sonali and {Vigeland}, Sarah J. and {Wahl}, Haley M. and {Wang}, Qiaohong and {Witt}, Caitlin A. and {Wright}, David and {Young}, Olivia and {Zurek}, Kathryn M. and {Nanograv Collaboration}},
	date-added = {2023-07-18 10:17:13 -0700},
	date-modified = {2024-03-13 09:51:35 -0700},
	doi = {10.3847/2041-8213/acdc91},
	eid = {L11},
	eprint = {2306.16219},
	journal = {\apjl},
	keywords = {gravitational waves, nanograv, pta, published, theory},
	month = jul,
	number = {1},
	pages = {L11},
	primaryclass = {astro-ph.HE},
	title = {{The NANOGrav 15 yr Data Set: Search for Signals from New Physics}},
	volume = {951},
	year = 2023,
	bdsk-url-1 = {https://doi.org/10.3847/2041-8213/acdc91}}

@article{ng15singlesource,
	adsnote = {Provided by the SAO/NASA Astrophysics Data System},
	adsurl = {https://ui.adsabs.harvard.edu/abs/2023arXiv230616222A},
	archiveprefix = {arXiv},
	author = {{Agazie}, G. and {Anumarlapudi}, Akash and {Archibald}, Anne M. and {Arzoumanian}, Zaven and {Baker}, Paul T. and {B{\'e}csy}, Bence and {Blecha}, Laura and {Brazier}, Adam and {Brook}, Paul R. and {Burke-Spolaor}, Sarah and {Case}, Robin and {Casey-Clyde}, J. Andrew and {Charisi}, Maria and {Chatterjee}, Shami and {Cohen}, Tyler and {Cordes}, James M. and {Cornish}, Neil and {Crawford}, Fronefield and {Cromartie}, H. Thankful and {Crowter}, Kathryn and {DeCesar}, Megan and {Demorest}, Paul B. and {Digman}, Matthew C. and {Dolch}, Timothy and {Drachler}, Brendan and {Ferrara}, Elizabeth C. and {Fiore}, William and {Fonseca}, Emmanuel and {Freedman}, Gabriel and {Garver-Daniels}, Nathaniel and {Gentile}, Peter and {Glaser}, Joseph and {Good}, Deborah and {G{\"u}ltekin}, Kayhan and {Hazboun}, Jeffrey and {Hourihane}, Sophie and {Jennings}, Ross and {Johnson}, Aaron D. and {Jones}, Megan and {Kaiser}, Andrew R. and {Kaplan}, David and {Kelley}, Luke Zoltan and {Kerr}, Matthew and {Key}, Joey and {Laal}, Nima and {Lam}, Michael and {Lamb}, William G. and {Lazio}, T. Joseph W. and {Lewandowska}, Natalia and {Liu}, Tingting and {Lorimer}, Duncan R. and {Santiago Luo}, Jing and {Lynch}, Ryan S. and {Ma}, Chung-Pei and {Madison}, Dustin and {McEwen}, Alexander and {McKee}, James W. and {McLaughlin}, Maura and {McMann}, Natasha and {Meyers}, Bradley W. and {Meyers}, Patrick M. and {Mingarelli}, Chiara M.~F. and {mitridate}, andrea and {natarajan}, priya and {Ng}, Cherry and {Nice}, David and {Ocker}, Stella Koch and {Olum}, Ken and {Pennucci}, Timothy T. and {Perera}, Benetge and {Petrov}, Polina and {Pol}, Nihan and {Radovan}, Henri A. and {Ransom}, Scott and {Ray}, Paul S. and {Romano}, Joseph and {Sardesai}, Shashwat C. and {Schmiedekamp}, Ann and {Schmiedekamp}, Carl and {Schmitz}, Kai and {Shapiro-Albert}, Brent J. and {Siemens}, Xavier and {Simon}, Joseph and {Siwek}, Magdalena and {Stairs}, Ingrid and {Stinebring}, Dan and {Stovall}, Kevin and {Susobhanan}, Abhimanyu and {Swiggum}, Joseph and {Taylor}, Jacob and {Taylor}, Stephen and {Turner}, Jacob E. and {Unal}, Caner and {Vallisneri}, Michele and {van Haasteren}, Rutger and {Vigeland}, Sarah J. and {Wahl}, Haley M. and {Witt}, Caitlin and {Young}, Olivia},
	date-added = {2023-07-18 10:16:26 -0700},
	date-modified = {2024-03-13 09:46:11 -0700},
	doi = {10.3847/2041-8213/ace18a},
	eid = {L50},
	eprint = {2306.16222},
	journal = {\apjl},
	keywords = {gravitational waves, nanograv, pta, published},
	month = jun,
	number = {2},
	pages = {L50},
	primaryclass = {astro-ph.HE},
	title = {{The NANOGrav 15-year Data Set: Bayesian Limits on Gravitational Waves from Individual Supermassive Black Hole Binaries}},
	volume = {951},
	year = 2023,
	bdsk-url-1 = {https://doi.org/10.48550/arXiv.2306.16222}}

@article{ng15anisotropy,
	adsnote = {Provided by the SAO/NASA Astrophysics Data System},
	adsurl = {https://ui.adsabs.harvard.edu/abs/2023arXiv230616221A},
	archiveprefix = {arXiv},
	author = {{Agazie}, G. and {Anumarlapudi}, Akash and {Archibald}, Anne M. and {Arzoumanian}, Zaven and {Baker}, Paul T. and {B{\'e}csy}, Bence and {Blecha}, Laura and {Brazier}, Adam and {Brook}, Paul R. and {Burke-Spolaor}, Sarah and {Casey-Clyde}, J. Andrew and {Charisi}, Maria and {Chatterjee}, Shami and {Cohen}, Tyler and {Cordes}, James M. and {Cornish}, Neil J. and {Crawford}, Fronefield and {Cromartie}, H. Thankful and {Crowter}, Kathryn and {DeCesar}, Megan E. and {Demorest}, Paul B. and {Dolch}, Timothy and {Drachler}, Brendan and {Ferrara}, Elizabeth C. and {Fiore}, William and {Fonseca}, Emmanuel and {Freedman}, Gabriel E. and {Gardiner}, Emiko and {Garver-Daniels}, Nate and {Gentile}, Peter A. and {Glaser}, Joseph and {Good}, Deborah C. and {G{\"u}ltekin}, Kayhan and {Hazboun}, Jeffrey S. and {Jennings}, Ross J. and {Johnson}, Aaron D. and {Jones}, Megan L. and {Kaiser}, Andrew R. and {Kaplan}, David L. and {Kelley}, Luke Zoltan and {Kerr}, Matthew and {Key}, Joey S. and {Laal}, Nima and {Lam}, Michael T. and {Lamb}, William G. and {Lazio}, T. Joseph W. and {Lewandowska}, Natalia and {Liu}, Tingting and {Lorimer}, Duncan R. and {Luo}, Jing and {Lynch}, Ryan S. and {Ma}, Chung-Pei and {Madison}, Dustin R. and {McEwen}, Alexander and {McKee}, James W. and {McLaughlin}, Maura A. and {McMann}, Natasha and {Meyers}, Bradley W. and {Mingarelli}, Chiara M.~F. and {Mitridate}, Andrea and {Ng}, Cherry and {Nice}, David J. and {Ocker}, Stella Koch and {Olum}, Ken D. and {Pennucci}, Timothy T. and {Perera}, Benetge B.~P. and {Pol}, Nihan S. and {Radovan}, Henri A. and {Ransom}, Scott M. and {Ray}, Paul S. and {Romano}, Joseph D. and {Sardesai}, Shashwat C. and {Schmiedekamp}, Ann and {Schmiedekamp}, Carl and {Schmitz}, Kai and {Schult}, Levi and {Shapiro-Albert}, Brent J. and {Siemens}, Xavier and {Simon}, Joseph and {Siwek}, Magdalena S. and {Stairs}, Ingrid H. and {Stinebring}, Daniel R. and {Stovall}, Kevin and {Susobhanan}, Abhimanyu and {Swiggum}, Joseph K. and {Taylor}, Stephen R. and {Turner}, Jacob E. and {Unal}, Caner and {Vallisneri}, Michele and {Vigeland}, Sarah J. and {Wahl}, Haley M. and {Witt}, Caitlin A. and {Young}, Olivia},
	date-added = {2023-07-18 10:15:55 -0700},
	date-modified = {2024-03-13 09:49:53 -0700},
	doi = {10.3847/2041-8213/acf4fd},
	eid = {L3},
	eprint = {2306.16221},
	journal = {\apjl},
	keywords = {gravitational waves, nanograv, pta, published},
	month = oct,
	number = {1},
	pages = {L3},
	primaryclass = {astro-ph.HE},
	title = {{The NANOGrav 15-year Data Set: Search for Anisotropy in the Gravitational-Wave Background}},
	volume = {956},
	year = 2023,
	bdsk-url-1 = {https://doi.org/10.48550/arXiv.2306.16221}}

@article{ng15smbbh,
	adsnote = {Provided by the SAO/NASA Astrophysics Data System},
	adsurl = {https://ui.adsabs.harvard.edu/abs/2023arXiv230616220A},
	archiveprefix = {arXiv},
	author = {{Agazie}, G. and {Anumarlapudi}, Akash and {Archibald}, Anne M. and {Baker}, Paul T. and {B{\'e}csy}, Bence and {Blecha}, Laura and {Bonilla}, Alexander and {Brazier}, Adam and {Brook}, Paul R. and {Burke-Spolaor}, Sarah and {Burnette}, Rand and {Case}, Robin and {Casey-Clyde}, J. Andrew and {Charisi}, Maria and {Chatterjee}, Shami and {Chatziioannou}, Katerina and {Cheeseboro}, Belinda D. and {Chen}, Siyuan and {Cohen}, Tyler and {Cordes}, James M. and {Cornish}, Neil J. and {Crawford}, Fronefield and {Cromartie}, H. Thankful and {Crowter}, Kathryn and {Cutler}, Curt J. and {D'Orazio}, Daniel J. and {DeCesar}, Megan E. and {DeGan}, Dallas and {Demorest}, Paul B. and {Deng}, Heling and {Dolch}, Timothy and {Drachler}, Brendan and {Ferrara}, Elizabeth C. and {Fiore}, William and {Fonseca}, Emmanuel and {Freedman}, Gabriel E. and {Gardiner}, Emiko and {Garver-Daniels}, Nate and {Gentile}, Peter A. and {Gersbach}, Kyle A. and {Glaser}, Joseph and {Good}, Deborah C. and {G{\"u}ltekin}, Kayhan and {Hazboun}, Jeffrey S. and {Hourihane}, Sophie and {Islo}, Kristina and {Jennings}, Ross J. and {Johnson}, Aaron and {Jones}, Megan L. and {Kaiser}, Andrew R. and {Kaplan}, David L. and {Kelley}, Luke Zoltan and {Kerr}, Matthew and {Key}, Joey S. and {Laal}, Nima and {Lam}, Michael T. and {Lamb}, William G. and {Lazio}, T. Joseph W. and {Lewandowska}, Natalia and {Littenberg}, Tyson B. and {Liu}, Tingting and {Luo}, Jing and {Lynch}, Ryan S. and {Ma}, Chung-Pei and {Madison}, Dustin R. and {McEwen}, Alexander and {McKee}, James W. and {McLaughlin}, Maura A. and {McMann}, Natasha and {Meyers}, Bradley W. and {Meyers}, Patrick M. and {Mingarelli}, Chiara M.~F. and {Mitridate}, Andrea and {Natarajan}, Priyamvada and {Ng}, Cherry and {Nice}, David J. and {Ocker}, Stella Koch and {Olum}, Ken D. and {Pennucci}, Timothy T. and {Perera}, Benetge B.~P. and {Petrov}, Polina and {Pol}, Nihan S. and {Radovan}, Henri A. and {Ransom}, Scott M. and {Ray}, Paul S. and {Romano}, Joseph D. and {Runnoe}, Jessie C. and {Sardesai}, Shashwat C. and {Schmiedekamp}, Ann and {Schmiedekamp}, Carl and {Schmitz}, Kai and {Schult}, Levi and {Shapiro-Albert}, Brent J. and {Siemens}, Xavier and {Simon}, Joseph and {Siwek}, Magdalena S. and {Stairs}, Ingrid H. and {Stinebring}, Daniel R. and {Stovall}, Kevin and {Sun}, Jerry P. and {Susobhanan}, Abhimanyu and {Swiggum}, Joseph K. and {Taylor}, Jacob and {Taylor}, Stephen R. and {Turner}, Jacob E. and {Unal}, Caner and {Vallisneri}, Michele and {Vigeland}, Sarah J. and {Wachter}, Jeremy M. and {Wahl}, Haley M. and {Wang}, Qiaohong and {Witt}, Caitlin A. and {Wright}, David and {Young}, Olivia},
	date-added = {2023-07-18 10:14:52 -0700},
	date-modified = {2024-03-13 09:43:03 -0700},
	doi = {10.3847/2041-8213/ace18b},
	eid = {L37},
	eprint = {2306.16220},
	journal = {\apjl},
	keywords = {gravitational waves, nanograv, pta, published, smbbh},
	month = aug,
	number = {2},
	pages = {L37},
	primaryclass = {astro-ph.HE},
	title = {{The NANOGrav 15-year Data Set: Constraints on Supermassive Black Hole Binaries from the Gravitational Wave Background}},
	volume = {952},
	year = 2023,
	bdsk-url-1 = {https://doi.org/10.48550/arXiv.2306.16220}}

@article{ng15data,
	adsnote = {Provided by the SAO/NASA Astrophysics Data System},
	adsurl = {https://ui.adsabs.harvard.edu/abs/2023ApJ...951L...9A},
	archiveprefix = {arXiv},
	author = {{Agazie}, G. and {Alam}, Md Faisal and {Anumarlapudi}, Akash and {Archibald}, Anne M. and {Arzoumanian}, Zaven and {Baker}, Paul T. and {Blecha}, Laura and {Bonidie}, Victoria and {Brazier}, Adam and {Brook}, Paul R. and {Burke-Spolaor}, Sarah and {B{\'e}csy}, Bence and {Chapman}, Christopher and {Charisi}, Maria and {Chatterjee}, Shami and {Cohen}, Tyler and {Cordes}, James M. and {Cornish}, Neil J. and {Crawford}, Fronefield and {Cromartie}, H. Thankful and {Crowter}, Kathryn and {Decesar}, Megan E. and {Demorest}, Paul B. and {Dolch}, Timothy and {Drachler}, Brendan and {Ferrara}, Elizabeth C. and {Fiore}, William and {Fonseca}, Emmanuel and {Freedman}, Gabriel E. and {Garver-Daniels}, Nate and {Gentile}, Peter A. and {Glaser}, Joseph and {Good}, Deborah C. and {G{\"u}ltekin}, Kayhan and {Hazboun}, Jeffrey S. and {Jennings}, Ross J. and {Jessup}, Cody and {Johnson}, Aaron D. and {Jones}, Megan L. and {Kaiser}, Andrew R. and {Kaplan}, David L. and {Kelley}, Luke Zoltan and {Kerr}, Matthew and {Key}, Joey S. and {Kuske}, Anastasia and {Laal}, Nima and {Lam}, Michael T. and {Lamb}, William G. and {Lazio}, T. Joseph W. and {Lewandowska}, Natalia and {Lin}, Ye and {Liu}, Tingting and {Lorimer}, Duncan R. and {Luo}, Jing and {Lynch}, Ryan S. and {Ma}, Chung-Pei and {Madison}, Dustin R. and {Maraccini}, Kaleb and {McEwen}, Alexander and {McKee}, James W. and {McLaughlin}, Maura A. and {McMann}, Natasha and {Meyers}, Bradley W. and {Mingarelli}, Chiara M.~F. and {Mitridate}, Andrea and {Ng}, Cherry and {Nice}, David J. and {Ocker}, Stella Koch and {Olum}, Ken D. and {Panciu}, Elisa and {Pennucci}, Timothy T. and {Perera}, Benetge B.~P. and {Pol}, Nihan S. and {Radovan}, Henri A. and {Ransom}, Scott M. and {Ray}, Paul S. and {Romano}, Joseph D. and {Salo}, Laura and {Sardesai}, Shashwat C. and {Schmiedekamp}, Carl and {Schmiedekamp}, Ann and {Schmitz}, Kai and {Shapiro-Albert}, Brent J. and {Siemens}, Xavier and {Simon}, Joseph and {Siwek}, Magdalena S. and {Stairs}, Ingrid H. and {Stinebring}, Daniel R. and {Stovall}, Kevin and {Susobhanan}, Abhimanyu and {Swiggum}, Joseph K. and {Taylor}, Stephen R. and {Turner}, Jacob E. and {Unal}, Caner and {Vallisneri}, Michele and {Vigeland}, Sarah J. and {Wahl}, Haley M. and {Wang}, Qiaohong and {Witt}, Caitlin A. and {Young}, Olivia and {Nanograv Collaboration}},
	date-added = {2023-07-18 10:14:08 -0700},
	date-modified = {2024-03-13 09:49:45 -0700},
	doi = {10.3847/2041-8213/acda9a},
	eid = {L9},
	eprint = {2306.16217},
	journal = {\apjl},
	keywords = {gravitational waves, nanograv, pta, published, pulsars},
	month = jul,
	number = {1},
	pages = {L9},
	primaryclass = {astro-ph.HE},
	title = {{The NANOGrav 15 yr Data Set: Observations and Timing of 68 Millisecond Pulsars}},
	volume = {951},
	year = 2023,
	bdsk-url-1 = {https://doi.org/10.3847/2041-8213/acda9a}}

@article{ng15detchar,
	adsnote = {Provided by the SAO/NASA Astrophysics Data System},
	adsurl = {https://ui.adsabs.harvard.edu/abs/2023ApJ...951L..10A},
	archiveprefix = {arXiv},
	author = {{Agazie}, G. and {Anumarlapudi}, Akash and {Archibald}, Anne M. and {Arzoumanian}, Zaven and {Baker}, Paul T. and {B{\'e}csy}, Bence and {Blecha}, Laura and {Brazier}, Adam and {Brook}, Paul R. and {Burke-Spolaor}, Sarah and {Charisi}, Maria and {Chatterjee}, Shami and {Cohen}, Tyler and {Cordes}, James M. and {Cornish}, Neil J. and {Crawford}, Fronefield and {Cromartie}, H. Thankful and {Crowter}, Kathryn and {Decesar}, Megan E. and {Demorest}, Paul B. and {Dolch}, Timothy and {Drachler}, Brendan and {Ferrara}, Elizabeth C. and {Fiore}, William and {Fonseca}, Emmanuel and {Freedman}, Gabriel E. and {Garver-Daniels}, Nate and {Gentile}, Peter A. and {Glaser}, Joseph and {Good}, Deborah C. and {Guertin}, Lydia and {G{\"u}ltekin}, Kayhan and {Hazboun}, Jeffrey S. and {Jennings}, Ross J. and {Johnson}, Aaron D. and {Jones}, Megan L. and {Kaiser}, Andrew R. and {Kaplan}, David L. and {Kelley}, Luke Zoltan and {Kerr}, Matthew and {Key}, Joey S. and {Laal}, Nima and {Lam}, Michael T. and {Lamb}, William G. and {Lazio}, T. Joseph W. and {Lewandowska}, Natalia and {Liu}, Tingting and {Lorimer}, Duncan R. and {Luo}, Jing and {Lynch}, Ryan S. and {Ma}, Chung-Pei and {Madison}, Dustin R. and {McEwen}, Alexander and {McKee}, James W. and {McLaughlin}, Maura A. and {McMann}, Natasha and {Meyers}, Bradley W. and {Mingarelli}, Chiara M.~F. and {Mitridate}, Andrea and {Ng}, Cherry and {Nice}, David J. and {Ocker}, Stella Koch and {Olum}, Ken D. and {Pennucci}, Timothy T. and {Perera}, Benetge B.~P. and {Pol}, Nihan S. and {Radovan}, Henri A. and {Ransom}, Scott M. and {Ray}, Paul S. and {Romano}, Joseph D. and {Sardesai}, Shashwat C. and {Schmiedekamp}, Ann and {Schmiedekamp}, Carl and {Schmitz}, Kai and {Shapiro-Albert}, Brent J. and {Siemens}, Xavier and {Simon}, Joseph and {Siwek}, Magdalena S. and {Stairs}, Ingrid H. and {Stinebring}, Daniel R. and {Stovall}, Kevin and {Susobhanan}, Abhimanyu and {Swiggum}, Joseph K. and {Taylor}, Stephen R. and {Turner}, Jacob E. and {Unal}, Caner and {Vallisneri}, Michele and {Vigeland}, Sarah J. and {Wahl}, Haley M. and {Witt}, Caitlin A. and {Young}, Olivia and {Nanograv Collaboration}},
	date-added = {2023-07-18 10:13:36 -0700},
	date-modified = {2024-03-13 09:49:37 -0700},
	doi = {10.3847/2041-8213/acda88},
	eid = {L10},
	eprint = {2306.16218},
	journal = {\apjl},
	keywords = {gravitational waves, nanograv, pta, published, noise mitigation, pulsars, key},
	month = jul,
	number = {1},
	pages = {L10},
	primaryclass = {astro-ph.HE},
	title = {{The NANOGrav 15 yr Data Set: Detector Characterization and Noise Budget}},
	volume = {951},
	year = 2023,
	bdsk-url-1 = {https://doi.org/10.3847/2041-8213/acda88}}

@article{ng15gwb,
	adsnote = {Provided by the SAO/NASA Astrophysics Data System},
	adsurl = {https://ui.adsabs.harvard.edu/abs/2023ApJ...951L...8A},
	archiveprefix = {arXiv},
	author = {{Agazie}, G. and {Anumarlapudi}, Akash and {Archibald}, Anne M. and {Arzoumanian}, Zaven and {Baker}, Paul T. and {B{\'e}csy}, Bence and {Blecha}, Laura and {Brazier}, Adam and {Brook}, Paul R. and {Burke-Spolaor}, Sarah and {Burnette}, Rand and {Case}, Robin and {Charisi}, Maria and {Chatterjee}, Shami and {Chatziioannou}, Katerina and {Cheeseboro}, Belinda D. and {Chen}, Siyuan and {Cohen}, Tyler and {Cordes}, James M. and {Cornish}, Neil J. and {Crawford}, Fronefield and {Cromartie}, H. Thankful and {Crowter}, Kathryn and {Cutler}, Curt J. and {Decesar}, Megan E. and {Degan}, Dallas and {Demorest}, Paul B. and {Deng}, Heling and {Dolch}, Timothy and {Drachler}, Brendan and {Ellis}, Justin A. and {Ferrara}, Elizabeth C. and {Fiore}, William and {Fonseca}, Emmanuel and {Freedman}, Gabriel E. and {Garver-Daniels}, Nate and {Gentile}, Peter A. and {Gersbach}, Kyle A. and {Glaser}, Joseph and {Good}, Deborah C. and {G{\"u}ltekin}, Kayhan and {Hazboun}, Jeffrey S. and {Hourihane}, Sophie and {Islo}, Kristina and {Jennings}, Ross J. and {Johnson}, Aaron D. and {Jones}, Megan L. and {Kaiser}, Andrew R. and {Kaplan}, David L. and {Kelley}, Luke Zoltan and {Kerr}, Matthew and {Key}, Joey S. and {Klein}, Tonia C. and {Laal}, Nima and {Lam}, Michael T. and {Lamb}, William G. and {Lazio}, T. Joseph W. and {Lewandowska}, Natalia and {Littenberg}, Tyson B. and {Liu}, Tingting and {Lommen}, Andrea and {Lorimer}, Duncan R. and {Luo}, Jing and {Lynch}, Ryan S. and {Ma}, Chung-Pei and {Madison}, Dustin R. and {Mattson}, Margaret A. and {McEwen}, Alexander and {McKee}, James W. and {McLaughlin}, Maura A. and {McMann}, Natasha and {Meyers}, Bradley W. and {Meyers}, Patrick M. and {Mingarelli}, Chiara M.~F. and {Mitridate}, Andrea and {Natarajan}, Priyamvada and {Ng}, Cherry and {Nice}, David J. and {Ocker}, Stella Koch and {Olum}, Ken D. and {Pennucci}, Timothy T. and {Perera}, Benetge B.~P. and {Petrov}, Polina and {Pol}, Nihan S. and {Radovan}, Henri A. and {Ransom}, Scott M. and {Ray}, Paul S. and {Romano}, Joseph D. and {Sardesai}, Shashwat C. and {Schmiedekamp}, Ann and {Schmiedekamp}, Carl and {Schmitz}, Kai and {Schult}, Levi and {Shapiro-Albert}, Brent J. and {Siemens}, Xavier and {Simon}, Joseph and {Siwek}, Magdalena S. and {Stairs}, Ingrid H. and {Stinebring}, Daniel R. and {Stovall}, Kevin and {Sun}, Jerry P. and {Susobhanan}, Abhimanyu and {Swiggum}, Joseph K. and {Taylor}, Jacob and {Taylor}, Stephen R. and {Turner}, Jacob E. and {Unal}, Caner and {Vallisneri}, Michele and {van Haasteren}, Rutger and {Vigeland}, Sarah J. and {Wahl}, Haley M. and {Wang}, Qiaohong and {Witt}, Caitlin A. and {Young}, Olivia and {Nanograv Collaboration}},
	date-added = {2023-07-18 10:13:04 -0700},
	date-modified = {2024-03-13 09:46:31 -0700},
	doi = {10.3847/2041-8213/acdac6},
	eid = {L8},
	eprint = {2306.16213},
	journal = {\apjl},
	keywords = {gravitational waves, nanograv, pta, published, pulsars, statistics, key},
	month = jul,
	number = {1},
	pages = {L8},
	primaryclass = {astro-ph.HE},
	title = {{The NANOGrav 15 yr Data Set: Evidence for a Gravitational-wave Background}},
	volume = {951},
	year = 2023,
	bdsk-url-1 = {https://doi.org/10.3847/2041-8213/acdac6}}

@article{hazboun+2023gx2,
	adsnote = {Provided by the SAO/NASA Astrophysics Data System},
	adsurl = {https://ui.adsabs.harvard.edu/abs/2023arXiv230501116H},
	archiveprefix = {arXiv},
	author = {{Hazboun}, J.~S. and {Meyers}, P. M. and {Romano}, J. D. and {Siemens}, X. and {Archibald}, A. M.},
	date-added = {2023-05-03 13:27:55 -0700},
	date-modified = {2024-12-22 07:26:23 -0800},
	eid = {104050},
	eprint = {2305.01116},
	journal = {\prd},
	keywords = {pta, pulsar timing, detection, statistics, data analysis, gravitational waves, os, published, key},
	month = nov,
	number = {10},
	pages = {104050},
	primaryclass = {gr-qc},
	title = {{Analytic distribution of the optimal cross-correlation statistic for stochastic gravitational-wave-background searches using pulsar timing arrays}},
	volume = {108},
	year = 2023}

@article{abb+2023cw,
	adsnote = {Provided by the SAO/NASA Astrophysics Data System},
	adsurl = {https://ui.adsabs.harvard.edu/abs/2023arXiv230103608A},
	archiveprefix = {arXiv},
	author = {{Arzoumanian}, Z. and {Baker}, Paul T. and {Blecha}, Laura and {Blumer}, Harsha and {Brazier}, Adam and {Brook}, Paul R. and {Burke-Spolaor}, Sarah and {B{\'e}csy}, Bence and {Casey-Clyde}, J. Andrew and {Charisi}, Maria and {Chatterjee}, Shami and {Chen}, Siyuan and {Cordes}, James M. and {Cornish}, Neil J. and {Crawford}, Fronefield and {Cromartie}, H. Thankful and {DeCesar}, Megan E. and {Demorest}, Paul B. and {Dolch}, Timothy and {Drachler}, Brendan and {Ellis}, Justin A. and {Ferrara}, E.~C. and {Fiore}, William and {Fonseca}, Emmanuel and {Freedman}, Gabriel E. and {Garver-Daniels}, Nathan and {Gentile}, Peter A. and {Glaser}, Joseph and {Good}, Deborah C. and {G{\"u}ltekin}, Kayhan and {Hazboun}, Jeffrey S. and {Jennings}, Ross J. and {Johnson}, Aaron D. and {Jones}, Megan L. and {Kaiser}, Andrew R. and {Kaplan}, David L. and {Kelley}, Luke Zoltan and {Shapiro Key}, Joey and {Laal}, Nima and {Lam}, Michael T. and {Lamb}, William G and {Lazio}, T. Joseph W. and {Lewandowska}, Natalia and {Liu}, Tingting and {Lorimer}, Duncan R. and {Luo}, Jing and {Lynch}, Ryan S. and {Madison}, Dustin R. and {McEwen}, Alexander and {McLaughlin}, Maura A. and {Mingarelli}, Chiara M.~F. and {Ng}, Cherry and {Nice}, David J. and {Ocker}, Stella Koch and {Olum}, Ken D. and {Pennucci}, Timothy T. and {Pol}, Nihan S. and {Ransom}, Scott M. and {Ray}, Paul S. and {Romano}, Joseph D. and {Shapiro-Albert}, Brent J. and {Siemens}, Xavier and {Simon}, Joseph and {Siwek}, Magdalena and {Spiewak}, Ren{\'e}e and {Stairs}, Ingrid H. and {Stinebring}, Daniel R. and {Stovall}, Kevin and {Swiggum}, Joseph K. and {Sydnor}, Jessica and {Taylor}, Stephen R. and {Turner}, Jacob E. and {Vallisneri}, Michele and {Vigeland}, Sarah J. and {Wahl}, Haley M. and {Walsh}, Gregory and {Witt}, Caitlin A. and {Young}, Olivia},
	date-added = {2023-03-11 16:22:42 -0800},
	date-modified = {2024-03-13 09:51:16 -0700},
	doi = {10.48550/arXiv.2301.03608},
	eid = {L28},
	eprint = {2301.03608},
	journal = {\apjl},
	keywords = {gravitational waves, nanograv, pta, published},
	month = jul,
	number = {2},
	pages = {L28},
	primaryclass = {astro-ph.GA},
	title = {{The NANOGrav 12.5-year Data Set: Bayesian Limits on Gravitational Waves from Individual Supermassive Black Hole Binaries}},
	volume = {951},
	year = 2023,
	bdsk-url-1 = {https://doi.org/10.48550/arXiv.2301.03608}}

@article{jennings+2022,
	adsnote = {Provided by the SAO/NASA Astrophysics Data System},
	adsurl = {https://ui.adsabs.harvard.edu/abs/2022arXiv221012266J},
	archiveprefix = {arXiv},
	author = {{Jennings}, R. J. and {Cordes}, James M. and {Chatterjee}, Shami and {McLaughlin}, Maura A. and {Demorest}, Paul B. and {Arzoumanian}, Zaven and {Baker}, Paul T. and {Blumer}, Harsha and {Brook}, Paul R. and {Cohen}, Tyler and {Crawford}, Fronefield and {Cromartie}, H. Thankful and {DeCesar}, Megan E. and {Dolch}, Timothy and {Ferrara}, Elizabeth C. and {Fonseca}, Emmanuel and {Good}, Deborah C. and {Hazboun}, Jeffrey S. and {Jones}, Megan L. and {Kaplan}, David L. and {Lam}, Michael T. and {Lazio}, T. Joseph W. and {Lorimer}, Duncan R. and {Luo}, Jing and {Lynch}, Ryan S. and {McKee}, James W. and {Madison}, Dustin R. and {Meyers}, Bradley W. and {Mingarelli}, Chiara M.~F. and {Nice}, David J. and {Pennucci}, Timothy T. and {Perera}, Benetge B.~P. and {Pol}, Nihan S. and {Ransom}, Scott M. and {Ray}, Paul S. and {Shapiro-Albert}, Brent J. and {Siemens}, Xavier and {Stairs}, Ingrid H. and {Stinebring}, Daniel R. and {Swiggum}, Joseph K. and {Tan}, Chia Min and {Taylor}, Stephen R. and {Vigeland}, Sarah J. and {Witt}, Caitlin A.},
	date-added = {2023-03-11 16:20:36 -0800},
	date-modified = {2024-12-09 15:46:30 -0800},
	doi = {10.3847/1538-4357/ad2930},
	eid = {179},
	eprint = {2210.12266},
	journal = {\apj},
	keywords = {pta, ism, pulsar timing, noise mitigation, published},
	month = oct,
	number = {2},
	pages = {179},
	primaryclass = {astro-ph.HE},
	title = {{An unusual pulse shape change event in PSR J1713+0747 observed with the Green Bank Telescope and CHIME}},
	volume = {964},
	year = 2024,
	bdsk-url-1 = {https://doi.org/10.48550/arXiv.2210.12266}}

@article{kaiser+2022,
	adsnote = {Provided by the SAO/NASA Astrophysics Data System},
	adsurl = {https://ui.adsabs.harvard.edu/abs/2022ApJ...938..115K},
	archiveprefix = {arXiv},
	author = {{Kaiser}, A. R. and {Pol}, Nihan S. and {McLaughlin}, Maura A. and {Chen}, Siyuan and {Hazboun}, Jeffrey S. and {Kelley}, Luke Zoltan and {Simon}, Joseph and {Taylor}, Stephen R. and {Vigeland}, Sarah J. and {Witt}, Caitlin A.},
	date-added = {2022-10-09 22:05:20 -0700},
	date-modified = {2024-03-13 09:42:35 -0700},
	doi = {{10.3847/1538-4357/ac86cc}},
	eid = {arXiv:2208.02307},
	eprint = {2208.02307},
	journal = {\apj},
	keywords = {pta, data analysis, gravitational waves, exotic, published},
	month = aug,
	number = {{2}},
	pages = {{115}},
	primaryclass = {astro-ph.CO},
	title = {{Disentangling Multiple Stochastic Gravitational Wave Background Sources in PTA Datasets}},
	volume = {{938}},
	year = 2022,
	bdsk-url-1 = {https://doi.org/10.3847/1538-4357/ac86cc%7D}}

@article{hazboun+2021nicer,
	adsnote = {Provided by the SAO/NASA Astrophysics Data System},
	adsurl = {https://ui.adsabs.harvard.edu/abs/2021arXiv211202160H},
	archiveprefix = {arXiv},
	author = {{Hazboun}, Jeffrey S. and {Crump}, Jack and {Lommen}, Andrea N. and {Montano}, Sergio and {Berry}, Samantha J.~H. and {Zeldes}, Jesse and {Teng}, Elizabeth and {Ray}, Paul S. and {Kerr}, Matthew and {Arzoumanian}, Zaven and {Bogdanov}, Slavko and {Deneva}, Julia and {Lewandowska}, Natalia and {Markwardt}, Craig B. and {Ransom}, Scott and {Enoto}, Teruaki and {Wood}, Kent S. and {Gendreau}, Keith C. and {Howe}, David A. and {Parthasarathy}, Aditya},
	date-added = {2021-12-07 11:44:00 -0800},
	date-modified = {2022-10-09 21:51:07 -0700},
	doi = {10.3847/1538-4357/ac54ae},
	eid = {67},
	eprint = {2112.02160},
	journal = {\apj},
	keywords = {pta, data analysis, ism, noise mitigation, published},
	month = mar,
	number = {1},
	pages = {67},
	primaryclass = {astro-ph.HE},
	title = {{A Detection of Red Noise in PSR J1824$-$2452A and\\Projections for PSR B1937+21 using NICER X-ray Timing Data}},
	volume = {928},
	year = 2022,
	bdsk-url-1 = {https://doi.org/10.3847/1538-4357/ac54ae}}

@article{hazboun+2021sw,
	adsnote = {Provided by the SAO/NASA Astrophysics Data System},
	adsurl = {https://ui.adsabs.harvard.edu/abs/2021arXiv211109361H},
	archiveprefix = {arXiv},
	author = {{Hazboun}, Jeffrey S. and {Simon}, Joseph and {Madison}, Dustin R. and {Arzoumanian}, Zaven and {Crowter}, Kathryn and {DeCesar}, Megan E. and {Demorest}, Paul B. and {Dolch}, Timothy and {Ellis}, Justin A. and {Ferdman}, Robert D. and {Ferrara}, Elizabeth C. and {Fonseca}, Emmanuel and {Gentile}, Peter A. and {Jones}, Glenn and {Jones}, Megan L. and {Lam}, Michael T. and {Levin}, Lina and {Lorimer}, Duncan R. and {Lynch}, Ryan S. and {McLaughlin}, Maura A. and {Ng}, Cherry and {Nice}, David J. and {Pennucci}, Timothy T. and {Ransom}, Scott M. and {Ray}, Paul S. and {Spiewak}, Ren{\'e}e and {Stairs}, Ingrid H. and {Stovall}, Kevin and {Swiggum}, Joseph K. and {Zhu}, Weiwei},
	date-added = {2021-11-19 09:48:20 -0800},
	date-modified = {2022-10-09 21:47:44 -0700},
	doi = {10.3847/1538-4357/ac5829},
	eid = {39},
	eprint = {2111.09361},
	journal = {\apj},
	keywords = {gravitational waves, nanograv, pta, data analysis, ism, solar wind, published},
	month = apr,
	number = {1},
	pages = {39},
	primaryclass = {astro-ph.SR},
	title = {{Bayesian Solar Wind Modeling with Pulsar Timing Arrays}},
	volume = {929},
	year = 2022,
	bdsk-url-1 = {https://doi.org/10.3847/1538-4357/ac5829}}

@article{iptagwb:2021,
	author = {{Antoniadis}, J. and {Arzoumanian}, Zaven and {Baker}, Paul T. and {Blumer}, Harsha and {Bohler}, Keith E. and {Brazier}, Adam and {Brook}, Paul R. and {Burke-Spolaor}, Sarah and {Caballero}, Keeisi and {Camuccio}, Richard S. and {Chamberlain}, Rachel L. and {Chatterjee}, Shami and {Cordes}, James M. and {Cornish}, Neil J. and {Crawford}, Fronefield and {Cromartie}, H. Thankful and {DeCesar}, Megan E. and {Demorest}, Paul B. and {Dolch}, Timothy and {Ellis}, Justin A. and {Ferdman}, Robert D. and {Ferrara}, Elizabeth C. and {Fiore}, William and {Fonseca}, Emmanuel and {Garcia}, Yhamil and {Garver-Daniels}, Nathan and {Gentile}, Peter A. and {Good}, Deborah C. and {Gusdorff}, Jordan A. and {Halmrast}, Daniel and {Hazboun}, Jeffrey and {Islo}, Kristina and {Jennings}, Ross J. and {Jessup}, Cody and {Jones}, Megan L. and {Kaiser}, Andrew R. and {Kaplan}, David L. and {Kelley}, Luke Zoltan and {Shapiro Key}, Joey and {Lam}, Michael T. and {Lazio}, T. Joseph W. and {Lorimer}, Duncan R. and {Luo}, Jing and {Lynch}, Ryan S. and {Madison}, Dustin and {Maraccini}, Kaleb and {McLaughlin}, Maura A. and {Mingarelli}, Chiara M.~F. and {Ng}, Cherry and {Nguyen}, Benjamin M.~X. and {Nice}, David J. and {Pennucci}, Timothy T. and {Pol}, Nihan S. and {Ramette}, Joshua and {Ransom}, Scott M. and {Ray}, Paul S. and {Shapiro-Albert}, Brent J. and {Siemens}, Xavier and {Simon}, Joseph and {Spiewak}, Renee and {Stairs}, Ingrid H. and {Stinebring}, Daniel R. and {Stovall}, Kevin and {Swiggum}, Joseph K. and {Taylor}, Stephen R. and {Tripepi}, Michael and {Vallisneri}, Michele and {Vigeland}, Sarah J. and {Witt}, Caitlin A. and {Zhu}, Weiwei},
	date-added = {2021-11-15 11:01:26 -0800},
	date-modified = {2022-10-09 21:56:32 -0700},
	doi = {10.1093/mnras/stab3418},
	journal = {\mnras},
	keywords = {ipta, pta, published},
	month = mar,
	number = {4},
	pages = {4873-4887},
	title = {{The International Pulsar Timing Array second data release:\\ Search for an isotropic Gravitational Wave Background}},
	volume = {510},
	year = 2022,
	bdsk-url-1 = {https://doi.org/10.3847/1538-4365/abc6a0},
	bdsk-url-2 = {https://doi.org/10.1093/mnras/stab3418}}

@article{abb+21altpol,
	archiveprefix = {arXiv},
	author = {{Arzoumanian}, Z. and Paul T. Baker and Harsha Blumer and Bence Becsy and Adam Brazier and Paul R. Brook and Sarah Burke-Spolaor and Maria Charisi and Shami Chatterjee and Siyuan Chen and James M. Cordes and Neil J. Cornish and Fronefield Crawford and H. Thankful Cromartie and Megan E. DeCesar and Dallas M. DeGan and Paul B. Demorest and Timothy Dolch and Brendan Drachler and Justin A. Ellis and Elizabeth C. Ferrara and William Fiore and Emmanuel Fonseca and Nathan Garver-Daniels and Peter A. Gentile and Deborah C. Good and Jeffrey S. Hazboun and A. Miguel Holgado and Kristina Islo and Ross J. Jennings and Megan L. Jones and Andrew R. Kaiser and David L. Kaplan and Luke Zoltan Kelley and Joey Shapiro Key and Nima Laal and Michael T. Lam and T. Joseph W. Lazio and Duncan R. Lorimer and Tingting Liu and Jing Luo and Ryan S. Lynch and Dustin R. Madison and Alexander McEwen and Maura A. McLaughlin and Chiara M. F. Mingarelli and Cherry Ng and David J. Nice and Ken D. Olum and Timothy T. Pennucci and Nihan S. Pol and Scott M. Ransom and Paul S. Ray and Joseph D. Romano and Shashwat C. Sardesai and Brent J. Shapiro-Albert and Xavier Siemens and Joseph Simon and Magdalena S. Siwek and Renee Spiewak and Ingrid H. Stairs and Daniel R. Stinebring and Kevin Stovall and Jerry P. Sun and Joseph K. Swiggum and Stephen R. Taylor and Jacob E. Turner and Michele Vallisneri and Sarah J. Vigeland and Haley M. Wahl and Caitlin A. Witt},
	date-added = {2021-09-30 21:33:59 -0700},
	date-modified = {2021-12-20 13:40:10 -0800},
	doi = {10.3847/2041-8213/ac401c},
	eprint = {2109.14706},
	journal = {\apjl},
	keywords = {gravitational waves, nanograv, pta, data analysis, alternative theories, gr, published},
	month = {dec},
	number = {2},
	pages = {L22},
	primaryclass = {gr-qc},
	title = {The NANOGrav 12.5-year data set: Search for Non-Einsteinian Polarization Modes\\in the Gravitational-Wave Background},
	volume = {923},
	year = {2021},
	bdsk-url-1 = {https://doi.org/10.3847/2041-8213/ac401c}}

@article{ng_phase2021,
	adsnote = {Provided by the SAO/NASA Astrophysics Data System},
	adsurl = {https://ui.adsabs.harvard.edu/abs/2021arXiv210413930A},
	archiveprefix = {arXiv},
	author = {{Arzoumanian}, Z. and {Baker}, Paul T. and {Blumer}, Harsha and {B{\'e}csy}, Bence and {Brazier}, Adam and {Brook}, Paul R. and {Burke-Spolaor}, Sarah and {Charisi}, Maria and {Chatterjee}, Shami and {Chen}, Siyuan and {Cordes}, James M. and {Cornish}, Neil J. and {Crawford}, Fronefield and {Cromartie}, H. Thankful and {DeCesar}, Megan E. and {Demorest}, Paul B. and {Dolch}, Timothy and {Ellis}, Justin A. and {Ferrara}, Elizabeth C. and {Fiore}, William and {Fonseca}, Emmanuel and {Garver-Daniels}, Nathan and {Gentile}, Peter A. and {Good}, Deborah C. and {Hazboun}, Jeffrey S. and {Holgado}, A. Miguel and {Islo}, Kristina and {Jennings}, Ross J. and {Jones}, Megan L. and {Kaiser}, Andrew R. and {Kaplan}, David L. and {Kelley}, Luke Zoltan and {Shapiro Key}, Joey and {Laal}, Nima and {Lam}, Michael T. and {Lazio}, T. Joseph W. and {Lee}, Vincent S.~H. and {Lorimer}, Duncan R. and {Luo}, Jing and {Lynch}, Ryan S. and {Madison}, Dustin R. and {McLaughlin}, Maura A. and {Mingarelli}, Chiara M.~F. and {Mitridate}, Andrea and {Ng}, Cherry and {Nice}, David J. and {Pennucci}, Timothy T. and {Pol}, Nihan S. and {Ransom}, Scott M. and {Ray}, Paul S. and {Shapiro-Albert}, Brent J. and {Siemens}, Xavier and {Simon}, Joseph and {Spiewak}, Ren{\'e}e and {Stairs}, Ingrid H. and {Stinebring}, Daniel R. and {Stovall}, Kevin and {Sun}, Jerry P. and {Swiggum}, Joseph K. and {Taylor}, Stephen R. and {Turner}, Jacob E. and {Vallisneri}, Michele and {Vigeland}, Sarah J. and {Witt}, Caitlin A. and {Zurek}, Kathryn M.},
	date-added = {2021-07-30 15:41:52 -0700},
	date-modified = {2021-12-20 10:58:35 -0800},
	doi = {10.1103/PhysRevLett.127.251302},
	eprint = {2104.13930},
	journal = {\prl},
	keywords = {gravitational waves, nanograv, pta, published},
	month = dec,
	number = {25},
	pages = {251302},
	primaryclass = {astro-ph.CO},
	title = {{Searching For Gravitational Waves From Cosmological Phase Transitions\\With The NANOGrav 12.5-year dataset}},
	volume = {127},
	year = 2021,
	bdsk-url-1 = {https://doi.org/10.1103/PhysRevLett.127.251302}}

@article{arz+2020mma,
	adsnote = {Provided by the SAO/NASA Astrophysics Data System},
	adsurl = {https://ui.adsabs.harvard.edu/abs/2021arXiv210102716A},
	archiveprefix = {arXiv},
	author = {{Arzoumanian}, Z. and {Baker}, Paul T. and {Brazier}, Adam and {Brook}, Paul R. and {Burke-Spolaor}, Sarah and {Becsy}, Bence and {Charisi}, Maria and {Chatterjee}, Shami and {Cordes}, James M. and {Cornish}, Neil J. and {Crawford}, Fronefield and {Cromartie}, H. Thankful and {DeCesar}, Megan E. and {Demorest}, Paul B. and {Dolch}, Timothy and {Elliott}, Rodney D. and {Ellis}, Justin A. and {Ferrara}, Elizabeth C. and {Fonseca}, Emmanuel and {Garver-Daniels}, Nathan and {Gentile}, Peter A. and {Good}, Deborah C. and {Hazboun}, J.~S. and {Islo}, Kristina and {Jennings}, Ross J. and {Jones}, Megan L. and {Kaiser}, Andrew R. and {Kaplan}, David L. and {Kelley}, Luke Z. and {Shapiro Key}, Joey and {Lam}, Michael T. and {Lazio}, T. Joseph W. and {Luo}, Jing and {Lynch}, Ryan S. and {Ma}, Chung-Pei and {Madison}, Dustin R. and {McLaughlin}, Maura A. and {Mingarelli}, Chiara M.~F. and {Ng}, Cherry and {Nice}, David J. and {Pennucci}, Timothy T. and {Pol}, Nihan S. and {Ransom}, Scott M. and {Ray}, Paul S. and {Shapiro-Albert}, Brent J. and {Siemens}, Xavier and {Simon}, Joseph and {Spiewak}, Renee and {Stairs}, Ingrid H. and {Stinebring}, Daniel R. and {Stovall}, Kevin and {Swiggum}, Joseph K. and {Taylor}, Stephen R. and {Vallisneri}, Michele and {Vigeland}, Sarah J. and {Witt}, Caitlin A. and {The NANOGrav Collaboration}},
	date-added = {2021-01-11 11:53:26 -0800},
	date-modified = {2021-07-30 15:54:19 -0700},
	doi = {10.3847/1538-4357/abfcd3},
	eid = {121},
	eprint = {2101.02716},
	journal = {\apj},
	keywords = {pta, data analysis, bayesian, multimessenger, published},
	month = jun,
	number = {2},
	pages = {121},
	primaryclass = {astro-ph.GA},
	title = {{The NANOGrav 11yr Data Set: Limits on Supermassive Black Hole Binaries in Galaxies within 500Mpc}},
	volume = {914},
	year = 2021,
	bdsk-url-1 = {https://doi.org/10.3847/1538-4357/abfcd3}}

@article{romano+2020crp,
	adsnote = {Provided by the SAO/NASA Astrophysics Data System},
	adsurl = {https://ui.adsabs.harvard.edu/abs/2020arXiv201203804R},
	archiveprefix = {arXiv},
	author = {{Romano}, J.~D. and {Hazboun}, J.~S. and {Siemens}, X. and {Archibald}, A.~M.},
	date-added = {2020-12-08 10:03:01 -0800},
	date-modified = {2021-09-15 16:57:55 -0700},
	doi = {10.1103/PhysRevD.103.063027},
	eid = {063027},
	eprint = {2012.03804},
	journal = {\prd},
	keywords = {nanograv, pta, data analysis, published},
	month = mar,
	number = {6},
	pages = {063027},
	primaryclass = {gr-qc},
	title = {{Common-spectrum process versus cross-correlation for gravitational-wave searches using pulsar timing arrays}},
	volume = {103},
	year = 2021,
	bdsk-url-1 = {https://doi.org/10.1103/PhysRevD.103.063027}}

@article{pol+2021,
	adsnote = {Provided by the SAO/NASA Astrophysics Data System},
	adsurl = {https://ui.adsabs.harvard.edu/abs/2020arXiv201011950P},
	archiveprefix = {arXiv},
	author = {{Pol}, N.~S. and {Taylor}, S.~R.and {Kelley}, L.~Z. and {Vigeland}, S.~J. and {Simon}, J.~J. and {Chen}, S. and {Arzoumanian}, Z. and {Baker}, Paul T. and {B{\'e}csy}, Bence and {Brazier}, Adam and {Brook}, Paul R. and {Burke-Spolaor}, Sarah and {Chatterjee}, Shami and {Cordes}, James M. and {Cornish}, Neil J. and {Crawford}, Fronefield and {Cromartie}, H. Thankful and {DeCesar}, Megan E. and {Demorest}, Paul B. and {Dolch}, Timothy and {Ferrara}, Elizabeth C. and {Fiore}, William and {Fonseca}, Emmanuel and {Garver-Daniels}, Nathan and {Good}, Deborah C. and {Hazboun}, J.~S. and {Jennings}, Ross J. and {Jones}, Megan L. and {Kaiser}, Andrew R. and {Kaplan}, David L. and {Shapiro Key}, Joey and {Lam}, Michael T. and {Lazio}, T. Joseph W. and {Luo}, Jing and {Lynch}, Ryan S. and {Madison}, Dustin R. and {McEwen}, Alexander and {McLaughlin}, Maura A. and {Mingarelli}, Chiara M.~F. and {Ng}, Cherry and {Nice}, David J. and {Pennucci}, Timothy T. and {Ransom}, Scott M. and {Ray}, Paul S. and {Shapiro-Albert}, Brent J. and {Siemens}, Xavier and {Stairs}, Ingrid H. and {Stinebring}, Daniel R. and {Swiggum}, Joseph K. and {Vallisneri}, Michele and {Wahl}, Haley and {Witt}, Caitlin A.},
	date-added = {2020-10-28 09:14:44 -0700},
	date-modified = {2021-07-30 15:38:17 -0700},
	doi = {10.3847/2041-8213/abf2c9},
	eid = {L34},
	eprint = {2010.11950},
	journal = {\apjl},
	keywords = {nanograv, pta, multimessenger, published},
	month = apr,
	number = {2},
	pages = {L34},
	primaryclass = {astro-ph.HE},
	title = {{Astrophysics Milestones For Pulsar Timing Array Gravitational Wave Detection}},
	volume = {911},
	year = 2021,
	bdsk-url-1 = {https://doi.org/10.3847/2041-8213/abf2c9}}

@article{psrsigsim2020,
	author = {{Hazboun}, J.~S. and {Shapiro-Albert}, B.~J. and {Baker}, P.~T. and {Henkel}, A.~M. and {Wagner}, C.~M. and {Hesse}, J. and {Brook}, P.~R. and {Lam}, M.~T. and {McLaughlin}, M.~A. and {Garver-Daniels}, N.~E.},
	date-added = {2020-10-28 09:07:47 -0700},
	date-modified = {2021-07-30 15:32:17 -0700},
	doi = {10.21105/joss.02757},
	journal = {\joss},
	keywords = {pta, noise mitigation, computational, published},
	month = {February},
	number = {58},
	pages = {2527},
	title = {The Pulsar Signal Simulator: A Python package for simulating radio signal data from pulsars},
	volume = {6},
	year = {2021},
	bdsk-url-1 = {https://doi.org/10.21105/joss.02757}}

@article{shapiro-albert+2020pss,
	archiveprefix = {arXiv},
	author = {Shapiro-Albert, B.~J. and {Hazboun}, J.~S. and {McLaughlin}, M.~A. and {Lam}, M.~T.},
	date-added = {2020-10-15 20:31:47 -0700},
	date-modified = {2021-07-30 15:37:37 -0700},
	doi = {10.3847/1538-4357/abdc29},
	eprint = {2010.07301},
	journal = {\apj},
	keywords = {pta, noise mitigation, computational, published},
	month = {March},
	number = {2},
	pages = {219},
	primaryclass = {astro-ph.HE},
	title = {A Study in Frequency-Dependent Effects on Precision Pulsar Timing Parameters with the Pulsar Signal Simulator},
	volume = {909},
	year = {2021},
	bdsk-url-1 = {https://doi.org/10.3847/1538-4357/abdc29}}

@article{Xin2021,
	adsnote = {Provided by the SAO/NASA Astrophysics Data System},
	adsurl = {https://ui.adsabs.harvard.edu/abs/2020arXiv200911865X},
	archiveprefix = {arXiv},
	author = {{Xin}, Chengcheng and {Mingarelli}, Chiara M.~F. and {Hazboun}, J.~S.},
	date-added = {2020-09-24 22:51:51 -0700},
	date-modified = {2021-07-30 15:32:37 -0700},
	doi = {10.3847/1538-4357/ac01c5},
	eid = {{97}},
	eprint = {2009.11865},
	journal = {\apj},
	keywords = {multimessenger, pta, sensitivity, gravitational waves, published, key},
	month = sep,
	number = {2},
	pages = {97},
	primaryclass = {astro-ph.GA},
	title = {{Multimessenger pulsar timing array constraints on supermassive black hole binaries traced by periodic light curves}},
	volume = {915},
	year = 2021,
	bdsk-url-1 = {https://doi.org/10.3847/1538-4357/ac01c5}}

@article{hazboun+2020model,
	archiveprefix = {arXiv},
	author = {{Hazboun}, J.~S. and {Simon}, J. and {Siemens}, X. and {Romano}, J.~D.},
	date-added = {2020-09-13 20:42:57 -0700},
	date-modified = {2020-12-10 10:17:45 -0800},
	doi = {10.3847/2041-8213/abca92},
	eprint = {2009.05143},
	journal = {\apjl},
	keywords = {pta, data analysis, bayesian, key, published},
	month = {dec},
	number = {1},
	pages = {L6},
	primaryclass = {astro-ph.IM},
	title = {Model Dependence of Bayesian Gravitational-Wave Background Statistics for Pulsar Timing Arrays},
	volume = {905},
	year = {2020},
	bdsk-url-1 = {https://doi.org/10.3847/2041-8213/abca92}}

@article{siemens+2019,
	adsnote = {Provided by the SAO/NASA Astrophysics Data System},
	adsurl = {https://ui.adsabs.harvard.edu/abs/2019BAAS...51c.437S},
	author = {{Siemens}, Xavier and {Hazboun}, Jeffrey and {Baker}, Paul T. and {Burke-Spolaor}, Sarah and {Madison}, Dustin R. and {Mingarelli}, Chiara and {Simon}, Joseph and {Smith}, Tristan},
	date-added = {2020-09-11 22:35:30 -0700},
	date-modified = {2020-09-11 22:36:57 -0700},
	eid = {437},
	eprint = {1907.04960},
	journal = {\baas},
	keywords = {pta, white paper, gravitational waves},
	month = may,
	number = {3},
	pages = {437},
	title = {{Physics Beyond the Standard Model With Pulsar Timing Arrays}},
	volume = {51},
	year = 2019}

@article{branchesi+2014,
	adsnote = {Provided by the SAO/NASA Astrophysics Data System},
	adsurl = {https://ui.adsabs.harvard.edu/abs/2014GReGr..46.1771B},
	author = {{Branchesi}, M. and {Woan}, G. and {Astone}, P. and {Bartos}, I. and {Colla}, A. and {Covino}, S. and {Drago}, M. and {Fan}, X. and {Frasca}, S. and {Hanna}, C. and {Haskell}, B. and {Hazboun}, J.~S. and {Heng}, I.~S. and {Holz}, D.~E. and {Johnson-McDaniel}, N.~K. and {Jones}, I.~D. and {Keer}, L. and {Klimenko}, S. and {Kostas}, G. and {Larson}, S.~L. and {Mandel}, I. and {Mapelli}, M. and {Messenger}, C. and {Mazzolo}, G. and {Melatos}, A. and {Mohanty}, S. and {Necula}, V. and {Normandin}, M. and {Obara}, L. and {Opiela}, R. and {Owen}, B. and {Palomba}, C. and {Prodi}, G.~A. and {Re}, V. and {Salemi}, F. and {Sidery}, T.~L. and {Sokolowski}, M. and {Schwenzer}, K. and {Tiwari}, V. and {Tringali}, M.~C. and {Vedovato}, G. and {Vousden}, W. and {Yakushin}, I. and {Zadro{\.z}ny}, A. and {Ziosi}, B.~M.},
	date-added = {2020-09-11 22:24:09 -0700},
	date-modified = {2020-09-11 23:01:21 -0700},
	doi = {10.1007/s10714-014-1771-6},
	eid = {1771},
	journal = {\grg},
	keywords = {pta, proceedings, published, multi-messenger, gravitational waves, electromagnetic emission},
	month = sep,
	number = {9},
	pages = {1771},
	title = {{C7 multi-messenger astronomy of GW sources}},
	volume = {46},
	year = 2014,
	bdsk-url-1 = {https://doi.org/10.1007/s10714-014-1771-6}}

@article{bonga+2017,
	adsnote = {Provided by the SAO/NASA Astrophysics Data System},
	adsurl = {https://ui.adsabs.harvard.edu/abs/2017PhRvD..96f4018B},
	archiveprefix = {arXiv},
	author = {{Bonga}, B. and {Hazboun}, J.~S.},
	date-added = {2020-09-11 22:23:01 -0700},
	date-modified = {2020-09-11 23:02:40 -0700},
	doi = {10.1103/PhysRevD.96.064018},
	eid = {064018},
	eprint = {1708.05621},
	journal = {\prd},
	keywords = {gr, gravitational waves, published},
	month = sep,
	number = {6},
	pages = {064018},
	primaryclass = {gr-qc},
	title = {{Power radiated by a binary system in a de Sitter universe}},
	volume = {96},
	year = 2017,
	bdsk-url-1 = {https://doi.org/10.1103/PhysRevD.96.064018}}

@article{arz+2018,
	adsnote = {Provided by the SAO/NASA Astrophysics Data System},
	adsurl = {https://ui.adsabs.harvard.edu/abs/2018ApJ...859...47A},
	archiveprefix = {arXiv},
	author = {{Arzoumanian}, Z. and {Baker}, P.~T. and {Brazier}, A. and {Burke-Spolaor}, S. and {Chamberlin}, S.~J. and {Chatterjee}, S. and {Christy}, B. and {Cordes}, J.~M. and {Cornish}, N.~J. and {Crawford}, F. and {Thankful Cromartie}, H. and {Crowter}, K. and {DeCesar}, M. and {Demorest}, P.~B. and {Dolch}, T. and {Ellis}, J.~A. and {Ferdman}, R.~D. and {Ferrara}, E. and {Folkner}, W.~M. and {Fonseca}, E. and {Garver-Daniels}, N. and {Gentile}, P.~A. and {Haas}, R. and {Hazboun}, J.~S. and {Huerta}, E.~A. and {Islo}, K. and {Jones}, G. and {Jones}, M.~L. and {Kaplan}, D.~L. and {Kaspi}, V.~M. and {Lam}, M.~T. and {Lazio}, T.~J.~W. and {Levin}, L. and {Lommen}, A.~N. and {Lorimer}, D.~R. and {Luo}, J. and {Lynch}, R.~S. and {Madison}, D.~R. and {McLaughlin}, M.~A. and {McWilliams}, S.~T. and {Mingarelli}, C.~M.~F. and {Ng}, C. and {Nice}, D.~J. and {Park}, R.~S. and {Pennucci}, T.~T. and {Pol}, N.~S. and {Ransom}, S.~M. and {Ray}, P.~S. and {Rasskazov}, A. and {Siemens}, X. and {Simon}, J. and {Spiewak}, R. and {Stairs}, I.~H. and {Stinebring}, D.~R. and {Stovall}, K. and {Swiggum}, J. and {Taylor}, S.~R. and {Vallisneri}, M. and {van Haasteren}, R. and {Vigeland }, S. and {Zhu}, W.~W. and {NANOGrav Collaboration}},
	date-added = {2020-09-11 22:22:27 -0700},
	date-modified = {2024-12-22 07:24:42 -0800},
	doi = {10.3847/1538-4357/aabd3b},
	eid = {47},
	eprint = {1801.02617},
	journal = {\apj},
	keywords = {ephemerides, gravitational waves, data analysis, pta, published},
	month = may,
	number = {1},
	pages = {47},
	primaryclass = {astro-ph.HE},
	title = {{The NANOGrav 11-year Data Set: Pulsar-timing Constraints on the Stochastic Gravitational-wave Background}},
	volume = {859},
	year = 2018,
	bdsk-url-1 = {https://doi.org/10.3847/1538-4357/aabd3b}}

@article{lam+2018tpta,
	adsnote = {Provided by the SAO/NASA Astrophysics Data System},
	adsurl = {https://ui.adsabs.harvard.edu/abs/2018AmJPh..86..755L},
	archiveprefix = {arXiv},
	author = {{Lam}, M.~T. and {Romano}, J.~D. and {Key}, J.~S. and {Normandin}, M. and {Hazboun}, J.~S.},
	date-added = {2020-09-11 22:21:49 -0700},
	date-modified = {2020-09-11 23:11:11 -0700},
	doi = {10.1119/1.5050190},
	eprint = {1803.05285},
	journal = {\ajp},
	keywords = {pta, published, educational},
	month = oct,
	number = {10},
	pages = {755-764},
	primaryclass = {physics.ed-ph},
	title = {{An acoustical analogue of a galactic-scale gravitational-wave detector}},
	volume = {86},
	year = 2018,
	bdsk-url-1 = {https://doi.org/10.1119/1.5050190}}

@inproceedings{dolch2019,
	adsnote = {Provided by the SAO/NASA Astrophysics Data System},
	adsurl = {https://ui.adsabs.harvard.edu/abs/2019BAAS...51g.254D},
	archiveprefix = {arXiv},
	author = {{Dolch}, Timothy and {Baker}, P.~T. and {Blumer}, H. and {Brazier}, A. and {Chatterjee}, S. and {Christy}, B. and {Crawford}, F. and {DeCesar}, M.~E. and {Dolch}, T. and {Garver-Daniels}, N.~E. and {Hazboun}, J.~S. and {Holley-Bockelmann}, K. and {Kaplan}, D.~L. and {Key}, J.~S. and {Klein}, T.~C. and {Lam}, M.~T. and {Lewandowska}, N. and {Lorimer}, D.~R. and {Lynch}, R.~S. and {McLaughlin}, M.~A. and {McMann}, N. and {Page}, J. and {Palliyaguru}, N. and {Romano}, J.~D. and {Siemens}, X. and {Taylor}, S.~R. and {Swiggum}, J.~K.},
	booktitle = {\baas},
	date-added = {2020-09-11 22:20:06 -0700},
	date-modified = {2020-09-11 23:02:01 -0700},
	eid = {254},
	eprint = {1907.07348},
	journal = {\baas},
	keywords = {white paper, pta, nanograv},
	month = sep,
	pages = {254},
	primaryclass = {astro-ph.IM},
	title = {{NANOGrav Education and Outreach: Growing a Diverse and Inclusive Collaboration for Low-Frequency Gravitational Wave Astronomy}},
	volume = {51},
	year = 2019}

@inproceedings{stairs+2019,
	adsnote = {Provided by the SAO/NASA Astrophysics Data System},
	adsurl = {https://ui.adsabs.harvard.edu/abs/2019clrp.2020...16S},
	author = {{Stairs}, I. and {Kaspi}, V. and {Demorest}, .l and {Dobbs}, M. and {Halpern}, M. and {Hinshaw}, G. and {Landecker}, T and {Pen}, U.~L. and {Ransom}, S. and {Smith}, K. and {Vanderlinde}, K. and {van Kerkwijk}, M. and {Fonseca}, E. and {Luo}, J. and {Meyers}, B. and {Michilli}, D. and {Naidu}, A. and {Ng}, C. and {Scholz}, P. and {Tendulkar}, S. and {Brazier}, A. and {Burke-Spolaor}, S. and {Cordes}, J. and {Dolch}, T. and {Hazboun}, J.~S. and {Lynch}, R. and {McLaughlin}, M. and {Mingarelli}, C.~ M.~F. and {Nice}, D. and {Siemens}, X. and {Stinebring}, D. and {Taylor}, S.},
	booktitle = {Canadian Long Range Plan for Astronony and Astrophysics White Papers},
	date-added = {2020-09-11 22:19:26 -0700},
	date-modified = {2020-09-11 22:53:42 -0700},
	doi = {10.5281/zenodo.3756164},
	eid = {16},
	journal = {\clrpaawp},
	keywords = {pta, proceedings, white paper},
	month = oct,
	pages = {16},
	title = {{Pulsar Timing Arrays: Gravitational Waves from Supermassive Black Holes and More}},
	volume = {2020},
	year = 2019,
	bdsk-url-1 = {https://doi.org/10.5281/zenodo.3756164}}

@article{lam+2020,
	adsnote = {Provided by the SAO/NASA Astrophysics Data System},
	adsurl = {https://ui.adsabs.harvard.edu/abs/2020arXiv200700260L},
	archiveprefix = {arXiv},
	author = {{Lam}, M.~T. and {Hazboun}, J.~S.},
	date-added = {2020-09-11 22:17:43 -0700},
	date-modified = {2021-07-30 15:54:29 -0700},
	doi = {10.3847/1538-4357/abeb64},
	eid = {137},
	eprint = {2007.00260},
	journal = {\apj},
	keywords = {pta, data analysis, published},
	month = apr,
	number = {2},
	pages = {137},
	primaryclass = {astro-ph.HE},
	title = {{Precision Timing of PSR J0437-4715 with the IAR Observatory and Implications for Low-Frequency Gravitational Wave Source Sensitivity}},
	volume = {911},
	year = 2021,
	bdsk-url-1 = {https://doi.org/10.3847/1538-4357/abeb64}}

@article{arz+2020gwb,
	adsnote = {Provided by the SAO/NASA Astrophysics Data System},
	adsurl = {https://ui.adsabs.harvard.edu/abs/2020arXiv200904496A},
	archiveprefix = {arXiv},
	author = {{Arzoumanian}, Z. and {Baker}, P.~T. and {Blumer}, Harsha and {Becsy}, Bence and {Brazier}, Adam and {Brook}, Paul R. and {Burke-Spolaor}, Sarah and {Chatterjee}, Shami and {Chen}, Siyuan and {Cordes}, James M. and {Cornish}, Neil J. and {Crawford}, Fronefield and {Cromartie}, H. Thankful and {DeCesar}, Megan E. and {Demorest}, Paul B. and {Dolch}, Timothy and {Ellis}, Justin A. and {Ferrara}, Elizabeth C. and {Fiore}, William and {Fonseca}, Emmanuel and {Garver-Daniels}, Nathan and {Gentile}, Peter A. and {Good}, Deborah C. and {Hazboun}, J.~S. and {Holgado}, A. Miguel and {Islo}, Kristina and {Jennings}, Ross J. and {Jones}, Megan L. and {Kaiser}, Andrew R. and {Kaplan}, David L. and {Kelley}, Luke Zoltan and {Shapiro Key}, Joey and {Laal}, Nima and {Lam}, Michael T. and {Lazio}, T. Joseph W. and {Lorimer}, Duncan R. and {Luo}, Jing and {Lynch}, Ryan S. and {Madison}, Dustin R. and {McLaughlin}, Maura A. and {Mingarelli}, Chiara M.~F. and {Ng}, Cherry and {Nice}, David J. and {Pennucci}, Timothy T. and {Pol}, Nihan S. and {Ransom}, Scott M. and {Ray}, Paul S. and {Shapiro-Albert}, Brent J. and {Siemens}, Xavier and {Simon}, Joseph and {Spiewak}, Renee and {Stairs}, Ingrid H. and {Stinebring}, Daniel R. and {Stovall}, Kevin and {Sun}, Jerry P. and {Swiggum}, Joseph K. and {Taylor}, Stephen R. and {Turner}, Jacob E. and {Vallisneri}, Michele and {Vigeland}, Sarah J. and {Witt}, Caitlin A.},
	date-added = {2020-09-11 22:17:28 -0700},
	date-modified = {2024-12-22 07:28:08 -0800},
	doi = {10.3847/2041-8213/abd401},
	eprint = {2009.04496},
	journal = {\apjl},
	keywords = {pta, gravitational waves, nanograv, published},
	month = dec,
	number = {2},
	pages = {L34},
	primaryclass = {astro-ph.HE},
	title = {{The NANOGrav 12.5-year Data Set: Search For An Isotropic Stochastic Gravitational-Wave Background}},
	volume = {905},
	year = 2020,
	bdsk-url-1 = {https://doi.org/10.3847/2041-8213/abd401}}

@article{colpi+2019,
	adsnote = {Provided by the SAO/NASA Astrophysics Data System},
	adsurl = {https://ui.adsabs.harvard.edu/abs/2019BAAS...51c.432C},
	author = {{Colpi}, Monica and {Holley-Bockelmann}, K. and {Bogdanovi{\'c}}, T. and {Natarajan}, P. and {Bellovary}, J. and {Sesana}, A. and {Tremmel}, M. and {Schnittman}, J. and {Comerford}, J. and {Barausse}, E. and {Berti}, E. and {Volonteri}, M. and {Khan}, F.~M. and {McWilliams}, S.~T. and {Burke-Spolaor}, S. and {Hazboun}, J.~S. and {Conklin}, J. and {Mueller}, G. and {Larson}, S.},
	date-added = {2020-09-11 10:18:36 -0700},
	date-modified = {2020-09-11 22:45:35 -0700},
	eid = {432},
	eprint = {1903.06867},
	journal = {\baas},
	keywords = {white paper, pta},
	month = may,
	number = {3},
	pages = {432},
	title = {{The Gravitational View of Massive Black Hole Mergers}},
	volume = {51},
	year = 2019}

@article{vallisneri2020,
	adsnote = {Provided by the SAO/NASA Astrophysics Data System},
	adsurl = {https://ui.adsabs.harvard.edu/abs/2020ApJ...893..112V},
	archiveprefix = {arXiv},
	author = {{Vallisneri}, M. and {Taylor}, S.~R. and {Simon}, J. and {Folkner}, W.~M. and {Park}, R.~S. and {Cutler}, C. and {Ellis}, J.~A. and {Lazio}, T.~J.~W. and {Vigeland}, S.~J. and {Aggarwal}, K. and {Arzoumanian}, Z. and {Baker}, P.~T. and {Brazier}, A. and {Brook}, P.~R. and {Burke-Spolaor}, S. and {Chatterjee}, S. and {Cordes}, J.~M. and {Cornish}, N.~J. and {Crawford}, F. and {Cromartie}, H.~T. and {Crowter}, K. and {DeCesar}, M. and {Demorest}, P.~B. and {Dolch}, T. and {Ferdman}, R.~D. and {Ferrara}, E.~C. and {Fonseca}, E. and {Garver-Daniels}, N. and {Gentile}, P. and {Good}, D. and {Hazboun}, J.~S. and {Holgado}, A.~M. and {Huerta}, E.~A. and {Islo}, K. and {Jennings}, R. and {Jones}, G. and {Jones}, M.~L. and {Kaplan}, D.~L. and {Kelley}, L.~Z. and {Key}, J.~S. and {Lam}, M.~T. and {Levin}, L. and {Lorimer}, D.~R. and {Luo}, J. and {Lynch}, R.~S. and {Madison}, D.~R. and {McLaughlin}, M.~A. and {McWilliams}, S.~T. and {Mingarelli}, C.~M.~F. and {Ng}, C. and {Nice}, D.~J. and {Pennucci}, T.~T. and {Pol}, N.~S. and {Ransom}, S.~M. and {Ray}, P.~S. and {Siemens}, X. and {Spiewak}, R. and {Stairs}, I.~H. and {Stinebring}, D.~R. and {Stovall}, K. and {Swiggum}, J.~K. and {van Haasteren}, R. and {Witt}, C.~A. and {Zhu}, W.~W.},
	date-added = {2020-09-08 22:29:16 -0700},
	date-modified = {2020-09-11 20:14:34 -0700},
	doi = {10.3847/1538-4357/ab7b67},
	eid = {112},
	eprint = {2001.00595},
	journal = {\apj},
	keywords = {nanograv, pta, published},
	month = apr,
	number = {2},
	pages = {112},
	primaryclass = {astro-ph.HE},
	title = {{Modeling the Uncertainties of Solar System Ephemerides for Robust Gravitational-wave Searches with Pulsar-timing Arrays}},
	volume = {893},
	year = 2020,
	bdsk-url-1 = {https://doi.org/10.3847/1538-4357/ab7b67}}

@article{alam:2020nb,
	adsnote = {Provided by the SAO/NASA Astrophysics Data System},
	adsurl = {https://ui.adsabs.harvard.edu/abs/2020arXiv200506490A},
	archiveprefix = {arXiv},
	author = {{Alam}, Md F. and {Arzoumanian}, Zaven and {Baker}, Paul T. and {Blumer}, Harsha and {Bohler}, Keith E. and {Brazier}, Adam and {Brook}, Paul R. and {Burke-Spolaor}, Sarah and {Caballero}, Keeisi and {Camuccio}, Richard S. and {Chamberlain}, Rachel L. and {Chatterjee}, Shami and {Cordes}, James M. and {Cornish}, Neil J. and {Crawford}, Fronefield and {Cromartie}, H. Thankful and {DeCesar}, Megan E. and {Demorest}, Paul B. and {Dolch}, Timothy and {Ellis}, Justin A. and {Ferdman}, Robert D. and {Ferrara}, Elizabeth C. and {Fiore}, William and {Fonseca}, Emmanuel and {Garcia}, Yhamil and {Garver-Daniels}, Nathan and {Gentile}, Peter A. and {Good}, Deborah C. and {Gusdorff}, Jordan A. and {Halmrast}, Daniel and {Hazboun}, Jeffrey and {Islo}, Kristina and {Jennings}, Ross J. and {Jessup}, Cody and {Jones}, Megan L. and {Kaiser}, Andrew R. and {Kaplan}, David L. and {Kelley}, Luke Zoltan and {Shapiro Key}, Joey and {Lam}, Michael T. and {Lazio}, T. Joseph W. and {Lorimer}, Duncan R. and {Luo}, Jing and {Lynch}, Ryan S. and {Madison}, Dustin and {Maraccini}, Kaleb and {McLaughlin}, Maura A. and {Mingarelli}, Chiara M.~F. and {Ng}, Cherry and {Nguyen}, Benjamin M.~X. and {Nice}, David J. and {Pennucci}, Timothy T. and {Pol}, Nihan S. and {Ramette}, Joshua and {Ransom}, Scott M. and {Ray}, Paul S. and {Shapiro-Albert}, Brent J. and {Siemens}, Xavier and {Simon}, Joseph and {Spiewak}, Renee and {Stairs}, Ingrid H. and {Stinebring}, Daniel R. and {Stovall}, Kevin and {Swiggum}, Joseph K. and {Taylor}, Stephen R. and {Tripepi}, Michael and {Vallisneri}, Michele and {Vigeland}, Sarah J. and {Witt}, Caitlin A. and {Zhu}, Weiwei},
	date-added = {2020-09-08 22:28:48 -0700},
	date-modified = {2020-12-26 23:51:58 -0800},
	doi = {10.3847/1538-4365/abc6a0},
	eprint = {2005.06490},
	journal = {\apjs},
	keywords = {nanograv, pta, published},
	month = dec,
	number = {4},
	pages = {1},
	primaryclass = {astro-ph.HE},
	title = {{The NANOGrav 12.5-year Data Set: Observations and Narrowband Timing of 47 Millisecond Pulsars}},
	volume = {252},
	year = 2020,
	bdsk-url-1 = {https://doi.org/10.3847/1538-4365/abc6a0}}

@article{alam:2020wb,
	adsnote = {Provided by the SAO/NASA Astrophysics Data System},
	adsurl = {https://ui.adsabs.harvard.edu/abs/2020arXiv200506495A},
	archiveprefix = {arXiv},
	author = {{Alam}, Md F. and {Arzoumanian}, Zaven and {Baker}, Paul T. and {Blumer}, Harsha and {Bohler}, Keith E. and {Brazier}, Adam and {Brook}, Paul R. and {Burke-Spolaor}, Sarah and {Caballero}, Keeisi and {Camuccio}, Richard S. and {Chamberlain}, Rachel L. and {Chatterjee}, Shami and {Cordes}, James M. and {Cornish}, Neil J. and {Crawford}, Fronefield and {Cromartie}, H. Thankful and {DeCesar}, Megan E. and {Demorest}, Paul B. and {Dolch}, Timothy and {Ellis}, Justin A. and {Ferdman}, Robert D. and {Ferrara}, Elizabeth C. and {Fiore}, William and {Fonseca}, Emmanuel and {Garcia}, Yhamil and {Garver-Daniels}, Nathan and {Gentile}, Peter A. and {Good}, Deborah C. and {Gusdorff}, Jordan A. and {Halmrast}, Daniel and {Hazboun}, Jeffrey and {Islo}, Kristina and {Jennings}, Ross J. and {Jessup}, Cody and {Jones}, Megan L. and {Kaiser}, Andrew R. and {Kaplan}, David L. and {Kelley}, Luke Zoltan and {Shapiro Key}, Joey and {Lam}, Michael T. and {Lazio}, T. Joseph W. and {Lorimer}, Duncan R. and {Luo}, Jing and {Lynch}, Ryan S. and {Madison}, Dustin and {Maraccini}, Kaleb and {McLaughlin}, Maura A. and {Mingarelli}, Chiara M.~F. and {Ng}, Cherry and {Nguyen}, Benjamin M.~X. and {Nice}, David J. and {Pennucci}, Timothy T. and {Pol}, Nihan S. and {Ramette}, Joshua and {Ransom}, Scott M. and {Ray}, Paul S. and {Shapiro-Albert}, Brent J. and {Siemens}, Xavier and {Simon}, Joseph and {Spiewak}, Renee and {Stairs}, Ingrid H. and {Stinebring}, Daniel R. and {Stovall}, Kevin and {Swiggum}, Joseph K. and {Taylor}, Stephen R. and {Tripepi}, Michael and {Vallisneri}, Michele and {Vigeland}, Sarah J. and {Witt}, Caitlin A. and {Zhu}, Weiwei},
	date-added = {2020-09-08 22:28:24 -0700},
	date-modified = {2020-12-26 23:52:22 -0800},
	doi = {10.3847/1538-4365/abc6a1},
	eprint = {2005.06495},
	journal = {\apjs},
	keywords = {nanograv, pta, published},
	month = may,
	number = {1},
	pages = {5},
	primaryclass = {astro-ph.HE},
	title = {{The NANOGrav 12.5-year Data Set: Wideband Timing of 47 Millisecond Pulsars}},
	volume = {252},
	year = 2020,
	bdsk-url-1 = {https://doi.org/10.3847/1538-4365/abc6a1}}

@article{arz:2020,
	adsnote = {Provided by the SAO/NASA Astrophysics Data System},
	adsurl = {https://ui.adsabs.harvard.edu/abs/2020arXiv200507123A},
	archiveprefix = {arXiv},
	author = {{Arzoumanian}, Z. and {Baker}, P.~T. and {Brazier}, Adam and {Brook}, Paul R. and {Burke-Spolaor}, Sarah and {Becsy}, Bence and {Charisi}, Maria and {Chatterjee}, Shami and {Cordes}, James M. and {Cornish}, Neil J. and {Crawford}, Fronefield and {Cromartie}, H. Thankful and {Crowter}, Kathryn and {DeCesar}, Megan E. and {Demorest}, Paul B. and {Dolch}, Timothy and {Elliott}, Rodney D. and {Ellis}, Justin A. and {Ferdman}, Robert D. and {Ferrara}, Elizabeth C. and {Fonseca}, Emmanuel and {Garver-Daniels}, Nathan and {Gentile}, Peter A. and {Good}, Deborah C. and {Hazboun}, Jeffrey S. and {Islo}, Kristina and {Jennings}, Ross J. and {Jones}, Megan L. and {Kaiser}, Andrew R. and {Kaplan}, David L. and {Kelley}, Luke Zoltan and {Shapiro Key}, Joey and {Lam}, Michael T. and {Lazio}, T. Joseph W. and {Levin}, Lina and {Luo}, Jing and {Lynch}, Ryan S. and {Madison}, Dustin R. and {McLaughlin}, Maura A. and {Mingarelli}, Chiara M.~F. and {Ng}, Cherry and {Nice}, David J. and {Pennucci}, Timothy T. and {Pol}, Nihan S. and {Ransom}, Scott M. and {Ray}, Paul S. and {Shapiro-Albert}, Brent J. and {Siemens}, Xavier and {Simon}, Joseph and {Spiewak}, Renee and {Stairs}, Ingrid H. and {Stinebring}, Daniel R. and {Stovall}, Kevin and {Swiggum}, Joseph K. and {Taylor}, Stephen R. and {Vallisneri}, Michele and {Vigeland}, Sarah J. and {Witt}, Caitlin A. and {Zhu}, Weiwei},
	date-added = {2020-09-08 22:27:55 -0700},
	date-modified = {2020-09-28 14:59:34 -0700},
	doi = {10.3847/1538-4357/ababa1},
	eid = {arXiv:2005.07123},
	eprint = {2005.07123},
	journal = {\apj},
	keywords = {nanograv, pta, published},
	month = sep,
	number = {2},
	pages = {102},
	primaryclass = {astro-ph.GA},
	title = {{Multi-Messenger Gravitational Wave Searches with Pulsar Timing Arrays: \\Application to 3C66B Using the NANOGrav 11-year Data Set}},
	volume = {900},
	year = 2020,
	bdsk-url-1 = {https://doi.org/10.3847/1538-4357/ababa1}}

@article{burke-spolaor:2019,
	adsnote = {Provided by the SAO/NASA Astrophysics Data System},
	adsurl = {https://ui.adsabs.harvard.edu/abs/2019A&ARv..27....5B},
	archiveprefix = {arXiv},
	author = {{Burke-Spolaor}, S. and {Taylor}, S.~R. and {Charisi}, M. and {Dolch}, T. and {Hazboun}, J.~S. and {Holgado}, A. M. and {Kelley}, L~.Z. and {Lazio}, T. J.~W. and {Madison}, D.~R. and {McMann}, N. and {Mingarelli}, C.~M.~F. and {Rasskazov}, A. and {Siemens}, X. and {Simon}, J.~J. and {Smith}, T.~L.},
	date-added = {2020-09-08 15:26:35 -0700},
	date-modified = {2020-09-11 20:30:58 -0700},
	doi = {10.1007/s00159-019-0115-7},
	eid = {5},
	eprint = {1811.08826},
	journal = {\aapr},
	keywords = {gravitational waves, pta, alternative theories, published},
	month = jun,
	number = {1},
	pages = {5},
	primaryclass = {astro-ph.HE},
	title = {{The astrophysics of nanohertz gravitational waves}},
	volume = {27},
	year = 2019,
	bdsk-url-1 = {https://doi.org/10.1007/s00159-019-0115-7}}

@inproceedings{ransom+19,
	adsnote = {Provided by the SAO/NASA Astrophysics Data System},
	adsurl = {https://ui.adsabs.harvard.edu/abs/2019BAAS...51g.195R},
	archiveprefix = {arXiv},
	author = {{Ransom}, S. and {Brazier}, A. and {Chatterjee}, S. and {Cohen}, T. and {Cordes}, J.~M. and {DeCesar}, M.~E. and {Demorest}, P.~B. and {Hazboun}, J.~S. and {Lam}, M.~T. and {Lynch}, R.~S. and {McLaughlin}, M.~A. and {Ransom}, S.~M. and {Siemens}, X. and {Taylor}, S.~R. and {Vigeland}, S.~J.},
	booktitle = {\baas},
	date-added = {2020-09-07 21:58:55 -0700},
	date-modified = {2020-09-11 22:02:08 -0700},
	eid = {195},
	eprint = {1908.05356},
	journal = {\baas},
	keywords = {nanograv, white paper},
	month = sep,
	pages = {195},
	primaryclass = {astro-ph.IM},
	title = {{The NANOGrav Program for Gravitational Waves and Fundamental Physics}},
	volume = {51},
	year = 2019}

@article{pdd+19,
	adsnote = {Provided by the SAO/NASA Astrophysics Data System},
	adsurl = {https://ui.adsabs.harvard.edu/abs/2019MNRAS.490.4666P},
	archiveprefix = {arXiv},
	author = {{Perera}, B.~B.~P. and {DeCesar}, M.~E. and {Demorest}, P.~B. and {Kerr}, M. and {Lentati}, L. and {Nice}, D.~J. and {Os{\l}owski}, S. and {Ransom}, S.~M. and {Keith}, M.~J. and {Arzoumanian}, Z. and {Bailes}, M. and {Baker}, P.~T. and {Bassa}, C.~G. and {Bhat}, N.~D.~R. and {Brazier}, A. and {Burgay}, M. and {Burke-Spolaor}, S. and {Caballero}, R.~N. and {Champion}, D.~J. and {Chatterjee}, S. and {Chen}, S. and {Cognard}, I. and {Cordes}, J.~M. and {Crowter}, K. and {Dai}, S. and {Desvignes}, G. and {Dolch}, T. and {Ferdman}, R.~D. and {Ferrara}, E.~C. and {Fonseca}, E. and {Goldstein}, J.~M. and {Graikou}, E. and {Guillemot}, L. and {Hazboun}, J.~S. and {Hobbs}, G. and {Hu}, H. and {Islo}, K. and {Janssen}, G.~H. and {Karuppusamy}, R. and {Kramer}, M. and {Lam}, M.~T. and {Lee}, K.~J. and {Liu}, K. and {Luo}, J. and {Lyne}, A.~G. and {Manchester}, R.~N. and {McKee}, J.~W. and {McLaughlin}, M.~A. and {Mingarelli}, C.~M.~F. and {Parthasarathy}, A.~P. and {Pennucci}, T.~T. and {Perrodin}, D. and {Possenti}, A. and {Reardon}, D.~J. and {Russell}, C.~J. and {Sanidas}, S.~A. and {Sesana}, A. and {Shaifullah}, G. and {Shannon}, R.~M. and {Siemens}, X. and {Simon}, J. and {Spiewak}, R. and {Stairs}, I.~H. and {Stappers}, B.~W. and {Swiggum}, J.~K. and {Taylor}, S.~R. and {Theureau}, G. and {Tiburzi}, C. and {Vallisneri}, M. and {Vecchio}, A. and {Wang}, J.~B. and {Zhang}, S.~B. and {Zhang}, L. and {Zhu}, W.~W. and {Zhu}, X.~J.},
	date-added = {2020-09-07 21:58:52 -0700},
	date-modified = {2020-09-11 20:31:25 -0700},
	doi = {10.1093/mnras/stz2857},
	eprint = {1909.04534},
	journal = {\mnras},
	keywords = {gravitational waves, pta, ipta, published},
	month = dec,
	number = {4},
	pages = {4666-4687},
	primaryclass = {astro-ph.HE},
	title = {{The International Pulsar Timing Array: second data release}},
	volume = {490},
	year = 2019,
	bdsk-url-1 = {https://doi.org/10.1093/mnras/stz2857}}

@article{lam+2018,
	adsnote = {Provided by the SAO/NASA Astrophysics Data System},
	adsurl = {https://ui.adsabs.harvard.edu/abs/2018ApJ...861..132L},
	archiveprefix = {arXiv},
	author = {{Lam}, M.~T. and {Ellis}, J.~A. and {Grillo}, G. and {Jones}, M.~L. and {Hazboun}, J.~S. and {Brook}, P.~R. and {Turner}, J.~E. and {Chatterjee}, S. and {Cordes}, J.~M. and {Lazio}, T.~J.~W. and {DeCesar}, M.~E. and {Arzoumanian}, Z. and {Blumer}, H. and {Cromartie}, H.~T. and {Demorest}, P.~B. and {Dolch}, T. and {Ferdman}, R.~D. and {Ferrara}, E.~C. and {Fonseca}, E. and {Garver-Daniels}, N. and {Gentile}, P.~A. and {Gupta}, V. and {Lorimer}, D.~R. and {Lynch}, R.~S. and {Madison}, D.~R. and {McLaughlin}, M.~A. and {Ng}, C. and {Nice}, D.~J. and {Pennucci}, T.~T. and {Ransom}, S.~M. and {Spiewak}, R. and {Stairs}, I.~H. and {Stinebring}, D.~R. and {Stovall}, K. and {Swiggum}, J.~K. and {Vigeland}, S.~J. and {Zhu}, W.~W.},
	date-added = {2020-09-07 21:58:49 -0700},
	date-modified = {2020-09-11 20:13:31 -0700},
	doi = {10.3847/1538-4357/aac770},
	eid = {132},
	eprint = {1712.03651},
	journal = {\apj},
	keywords = {pta, pulsars, ism, nanograv, published},
	month = jul,
	number = {2},
	pages = {132},
	primaryclass = {astro-ph.HE},
	title = {{A Second Chromatic Timing Event of Interstellar Origin toward PSR J1713+0747}},
	volume = {861},
	year = 2018,
	bdsk-url-1 = {https://doi.org/10.3847/1538-4357/aac770}}

@article{hazboun2018,
	archiveprefix = {arXiv},
	author = {{Hazboun}, J.~S.},
	date-added = {2020-09-07 21:58:14 -0700},
	date-modified = {2020-09-11 22:46:23 -0700},
	doi = {10.1016/j.nuclphysb.2018.02.006},
	eprint = {1802.09561},
	journal = {\npb},
	keywords = {theory, conformal gravity, ads/cft, published},
	pages = {254-265},
	primaryclass = {gr-qc},
	slaccitation = {%%CITATION = ARXIV:1802.09561;%%},
	title = {{Constructing an explicit AdS/CFT correspondence with Cartan geometry}},
	volume = {929},
	year = {2018},
	bdsk-url-1 = {https://doi.org/10.1016/j.nuclphysb.2018.02.006}}

@article{hazboun+2016,
	archiveprefix = {arXiv},
	author = {{Hazboun}, J.~S. and {Larson}, S.~L.},
	date-added = {2020-09-07 21:58:14 -0700},
	date-modified = {2020-09-11 22:46:02 -0700},
	eprint = {1607.03459},
	journal = {arXiv},
	keywords = {gravitational waves, pta, data analysis, technical},
	month = {jul},
	primaryclass = {astro-ph.IM},
	slaccitation = {%%CITATION = ARXIV:1607.03459;%%},
	title = {{Null-stream pointing with pulsar timing arrays}},
	year = {2016}}

@article{hazboun+2013,
	archiveprefix = {arXiv},
	author = {{Hazboun}, J.~S. and {Marcano}, M.~P. and {Larson}, S.~L.},
	date-added = {2020-09-07 21:58:14 -0700},
	date-modified = {2020-09-11 22:46:13 -0700},
	eprint = {1311.3153},
	journal = {arXiv},
	keywords = {gravitational waves, alternative theories, technical},
	primaryclass = {gr-qc},
	slaccitation = {%%CITATION = ARXIV:1311.3153;%%},
	title = {{Limiting alternative theories of gravity using gravitational wave observations across the spectrum}},
	year = {2013}}

@article{hazboun+2012,
	author = {{Hazboun}, J.~S. and {Wheeler}, J.~T.},
	booktitle = {{Proceedings, International Conference on Non-perturbative / background independent quantum gravity (Loops 11): Madrid, Spain, May 23-28, 2011}},
	date-added = {2020-09-07 21:58:14 -0700},
	date-modified = {2020-09-11 22:46:31 -0700},
	doi = {10.1088/1742-6596/360/1/012013},
	journal = {\jpcs},
	keywords = {theory, conformal gravity, published},
	number = {012013},
	pages = {012013},
	slaccitation = {%%CITATION = 00462,360,012013;%%},
	title = {{A systematic construction of curved phase space: A gravitational gauge theory with symplectic form}},
	volume = {360},
	year = {2012},
	bdsk-url-1 = {https://doi.org/10.1088/1742-6596/360/1/012013}}

@article{Hazboun:2013lra,
	archiveprefix = {arXiv},
	author = {{Hazboun}, J.~S. and Wheeler, J.~T.},
	date-added = {2020-09-07 21:58:14 -0700},
	date-modified = {2020-09-11 23:03:44 -0700},
	doi = {10.1088/0264-9381/31/21/215001},
	eprint = {1305.6972},
	journal = {\cqg},
	keywords = {theory, conformal gravity, published},
	number = {21},
	pages = {215001},
	primaryclass = {gr-qc},
	slaccitation = {%%CITATION = ARXIV:1305.6972;%%},
	title = {{Time and dark matter from the conformal symmetries of Euclidean space}},
	volume = {31},
	year = {2014},
	bdsk-url-1 = {https://doi.org/10.1088/0264-9381/31/21/215001}}

@article{hazboun+2009,
	archiveprefix = {arXiv},
	author = {{Hazboun}, J.~S. and {Dray}, T.},
	date-added = {2020-09-07 21:58:14 -0700},
	date-modified = {2020-09-11 22:45:51 -0700},
	doi = {10.1007/s10714-009-0916-5},
	eprint = {0907.0696},
	journal = {\grg},
	keywords = {theory, gr, published},
	month = {jul},
	pages = {1457-1467},
	primaryclass = {gr-qc},
	slaccitation = {%%CITATION = ARXIV:0907.0696;%%},
	title = {The Effect of Negative-Energy Shells on the Schwarzschild Black Hole},
	volume = {42},
	year = {2010},
	bdsk-url-1 = {https://doi.org/10.1007/s10714-009-0916-5}}

@article{agg+19,
	adsurl = {https://ui.adsabs.harvard.edu/abs/2019ApJ...880..116A},
	archiveprefix = {arXiv},
	author = {{Aggarwal}, K. and {Arzoumanian}, Z. and {Baker}, P.~T. and {Brazier}, A. and {Brinson}, M.~R. and {Brook}, P.~R. and {Burke-Spolaor}, S. and {Chatterjee}, S. and {Cordes}, J.~M. and {Cornish}, N.~J. and {Crawford}, F. and {Crowter}, K. and {Cromartie}, H.~T. and {DeCesar}, M. and {Demorest}, P.~B. and {Dolch}, T. and {Ellis}, J.~A. and {Ferdman}, R.~D. and {Ferrara}, E. and {Fonseca}, E. and {Garver-Daniels}, N. and {Gentile}, P. and {Hazboun}, J.~S. and {Holgado}, A.~M. and {Huerta}, E.~A. and {Islo}, K. and {Jennings}, R. and {Jones}, G. and {Jones}, M.~L. and {Kaiser}, A.~R. and {Kaplan}, D.~L. and {Kelley}, L.~Z. and {Key}, J.~S. and {Lam}, M.~T. and {Lazio}, T.~J.~W. and {Levin}, L. and {Lorimer}, D.~R. and {Luo}, J. and {Lynch}, R.~S. and {Madison}, D.~R. and {McLaughlin}, M.~A. and {McWilliams}, S.~T. and {Mingarelli}, C.~M.~F. and {Ng}, C. and {Nice}, D.~J. and {Pennucci}, T.~T. and {Pol}, N.~S. and {Ransom}, S.~M. and {Ray}, P.~S. and {Siemens}, X. and {Simon}, J. and {Spiewak}, R. and {Stairs}, I.~H. and {Stinebring}, D.~R. and {Stovall}, K. and {Swiggum}, J. and {Taylor}, S.~R. and {Turner}, J.~E. and {Vallisneri}, M. and {van Haasteren}, R. and {Vigeland }, S.~J. and {Witt}, C.~A. and {Zhu}, W.~W. and {NANOGrav Collaboration}},
	date-added = {2020-09-07 21:23:24 -0700},
	date-modified = {2024-12-22 07:27:34 -0800},
	doi = {10.3847/1538-4357/ab2236},
	eid = {116},
	eprint = {1812.11585},
	journal = {\apj},
	keywords = {nanograv, pta, black hole physics, published},
	month = aug,
	number = {2},
	pages = {116},
	primaryclass = {astro-ph.GA},
	title = {{The NANOGrav 11 yr Data Set: \\Limits on Gravitational Waves from Individual Supermassive Black Hole Binaries}},
	volume = {880},
	year = 2019,
	bdsk-url-1 = {https://doi.org/10.3847/1538-4357/ab2236}}

@article{agg+20,
	adsurl = {https://ui.adsabs.harvard.edu/abs/2020ApJ...889...38A},
	archiveprefix = {arXiv},
	author = {{Aggarwal}, K. and {Arzoumanian}, Z. and {Baker}, P.~T. and {Brazier}, A. and {Brook}, P.~R. and {Burke-Spolaor}, S. and {Chatterjee}, S. and {Cordes}, J.~M. and {Cornish}, N.~J. and {Crawford}, F. and {Cromartie}, H.~T. and {Crowter}, K. and {DeCesar}, M. and {Demorest}, P.~B. and {Dolch}, T. and {Ellis}, J.~A. and {Ferdman}, R.~D. and {Ferrara}, E.~C. and {Fonseca}, E. and {Garver-Daniels}, N. and {Gentile}, P. and {Good}, D. and {Hazboun}, J.~S. and {Holgado}, A.~M. and {Huerta}, E.~A. and {Islo}, K. and {Jennings}, R. and {Jones}, G. and {Jones}, M.~L. and {Kaplan}, D.~L. and {Kelley}, L.~Z. and {Key}, J.~S. and {Lam}, M.~T. and {Lazio}, T.~J.~W. and {Levin}, L. and {Lorimer}, D.~R. and {Luo}, J. and {Lynch}, R.~S. and {Madison}, D.~R. and {McLaughlin}, M.~A. and {McWilliams}, S.~T. and {Mingarelli}, C.~M.~F. and {Ng}, C. and {Nice}, D.~J. and {Pennucci}, T.~T. and {Pol}, N.~S. and {Ransom}, S.~M. and {Ray}, P.~S. and {Siemens}, X. and {Simon}, J. and {Spiewak}, R. and {Stairs}, I.~H. and {Stinebring}, D.~R. and {Stovall}, K. and {Swiggum}, J.~K. and {Taylor}, S.~R. and {Vallisneri}, M. and {van Haasteren}, R. and {Vigeland}, S.~J. and {Witt}, C.~A. and {Zhu}, W.~W.},
	date-added = {2020-09-07 21:23:21 -0700},
	date-modified = {2020-09-11 22:58:25 -0700},
	doi = {10.3847/1538-4357/ab6083},
	eid = {38},
	eprint = {1911.08488},
	journal = {\apj},
	keywords = {nanograv, gravitational waves, gr, published},
	month = jan,
	number = {1},
	pages = {38},
	primaryclass = {astro-ph.HE},
	title = {{The NANOGrav 11 yr Data Set: Limits on Gravitational Wave Memory}},
	volume = {889},
	year = 2020,
	bdsk-url-1 = {https://doi.org/10.3847/1538-4357/ab6083}}

@article{hazboun:2018mdc,
	adsnote = {Provided by the SAO/NASA Astrophysics Data System},
	adsurl = {https://ui.adsabs.harvard.edu/abs/2018arXiv181010527H},
	archiveprefix = {arXiv},
	author = {{Hazboun}, J.~S. and {Mingarelli}, C.~ M.~F. and {Lee}, K.~J.},
	date-added = {2020-09-07 21:14:03 -0700},
	date-modified = {2020-09-11 22:16:21 -0700},
	eid = {arXiv:1810.10527},
	eprint = {1810.10527},
	journal = {arXiv},
	keywords = {pta, mock data challeng, data analysis, technical},
	month = oct,
	pages = {arXiv:1810.10527},
	primaryclass = {astro-ph.IM},
	title = {{The Second International Pulsar Timing Array Mock Data Challenge}},
	year = 2018}

@article{hazboun:2019has,
	author = {{Hazboun}, J.~S. and {Romano}, J.~D. and {Smith}, T.~L.},
	date-added = {2020-09-07 21:14:03 -0700},
	date-modified = {2024-12-22 07:29:14 -0800},
	doi = {10.21105/joss.01775},
	journal = {\joss},
	keywords = {software, pta, gravitational waves, data analysis, published},
	number = {42},
	pages = {1775},
	title = {{Hasasia: A Python package for Pulsar Timing Array Sensitivity Curves}},
	volume = {4},
	year = {2019},
	bdsk-url-1 = {https://doi.org/10.21105/joss.01775}}

@article{hazboun:2020slice,
	addendum = {HERE IS THE ADDENDUM},
	adsnote = {Provided by the SAO/NASA Astrophysics Data System},
	adsurl = {https://ui.adsabs.harvard.edu/abs/2020ApJ...890..108H},
	archiveprefix = {arXiv},
	author = {{Hazboun}, J.~S. and {Simon}, J. and {Taylor}, S.~R. and {Lam}, M.~T. and {Vigeland}, S.~J. and {Islo}, K. and {Key}, J.~S. and {Arzoumanian}, Z. and {Baker}, P.~T. and {Brazier}, A. and {Brook}, P.~R. and {Burke-Spolaor}, S. and {Chatterjee}, S. and {Cordes}, J.~M. and {Cornish}, N.~J. and {Crawford}, F. and {Crowter}, K. and {Cromartie}, H.~T. and {DeCesar}, M. and {Demorest}, P.~B. and {Dolch}, T. and {Ellis}, J.~A. and {Ferdman}, R.~D. and {Ferrara}, E. and {Fonseca}, E. and {Garver-Daniels}, N. and {Gentile}, P. and {Good}, D. and {Holgado}, A.~M. and {Huerta}, E.~A. and {Jennings}, R. and {Jones}, G. and {Jones}, M.~L. and {Kaiser}, A.~R. and {Kaplan}, D.~L. and {Kelley}, L.~Z. and {Lazio}, T.~J.~W. and {Levin}, L. and {Lommen}, A.~N. and {Lorimer}, D.~R. and {Luo}, J. and {Lynch}, R.~S. and {Madison}, D.~R. and {McLaughlin}, M.~A. and {McWilliams}, S.~T. and {Mingarelli}, C.~M.~F. and {Ng}, C. and {Nice}, D.~J. and {Pennucci}, T.~T. and {Pol}, N.~S. and {Ransom}, S.~M. and {Ray}, P.~S. and {Siemens}, X. and {Spiewak}, R. and {Stairs}, I.~H. and {Stinebring}, D.~R. and {Stovall}, K. and {Swiggum}, J. and {Turner}, J.~E. and {Vallisneri}, M. and {van Haasteren}, R. and {Witt}, C.~A. and {Zhu}, W.~W.},
	date-added = {2020-09-07 21:14:03 -0700},
	date-modified = {2020-11-12 15:14:39 -0800},
	doi = {10.3847/1538-4357/ab68db},
	eid = {108},
	eprint = {1909.08644},
	journal = {\apj},
	keywords = {nanograv, pta, data analysis, published, key},
	month = feb,
	number = {2},
	pages = {108},
	primaryclass = {astro-ph.HE},
	title = {{The NANOGrav 11 yr Data Set: Evolution of Gravitational-wave Background Statistics}},
	volume = {890},
	year = 2020,
	bdsk-url-1 = {https://doi.org/10.3847/1538-4357/ab68db}}

@article{hazboun:2019sc,
	archiveprefix = {arXiv},
	author = {{Hazboun}, J.~S. and {Romano}, J.~D. and {Smith}, T.~L.},
	date-added = {2020-09-07 14:44:46 -0700},
	date-modified = {2020-11-12 15:13:19 -0800},
	doi = {10.1103/PhysRevD.100.104028},
	eprint = {1907.04341},
	journal = {\prd},
	keywords = {pta, data analysis, gravitational waves, published, key},
	number = {10},
	pages = {104028},
	primaryclass = {gr-qc},
	title = {{Realistic sensitivity curves for pulsar timing arrays}},
	volume = {100},
	year = {2019},
	bdsk-url-1 = {https://doi.org/10.1103/PhysRevD.100.104028}}
